%YAML 1.1
%TAG !u! tag:unity3d.com,2011:
--- !u!29 &1
OcclusionCullingSettings:
  m_ObjectHideFlags: 0
  serializedVersion: 2
  m_OcclusionBakeSettings:
    smallestOccluder: 5
    smallestHole: 0.25
    backfaceThreshold: 100
  m_SceneGUID: 00000000000000000000000000000000
  m_OcclusionCullingData: {fileID: 0}
--- !u!104 &2
RenderSettings:
  m_ObjectHideFlags: 0
  serializedVersion: 9
  m_Fog: 0
  m_FogColor: {r: 0.5, g: 0.5, b: 0.5, a: 1}
  m_FogMode: 3
  m_FogDensity: 0.01
  m_LinearFogStart: 0
  m_LinearFogEnd: 300
  m_AmbientSkyColor: {r: 0.212, g: 0.227, b: 0.259, a: 1}
  m_AmbientEquatorColor: {r: 0.114, g: 0.125, b: 0.133, a: 1}
  m_AmbientGroundColor: {r: 0.047, g: 0.043, b: 0.035, a: 1}
  m_AmbientIntensity: 1
  m_AmbientMode: 0
  m_SubtractiveShadowColor: {r: 0.42, g: 0.478, b: 0.627, a: 1}
  m_SkyboxMaterial: {fileID: 10304, guid: 0000000000000000f000000000000000, type: 0}
  m_HaloStrength: 0.5
  m_FlareStrength: 1
  m_FlareFadeSpeed: 3
  m_HaloTexture: {fileID: 0}
  m_SpotCookie: {fileID: 10001, guid: 0000000000000000e000000000000000, type: 0}
  m_DefaultReflectionMode: 0
  m_DefaultReflectionResolution: 128
  m_ReflectionBounces: 1
  m_ReflectionIntensity: 1
  m_CustomReflection: {fileID: 0}
  m_Sun: {fileID: 0}
  m_IndirectSpecularColor: {r: 0, g: 0, b: 0, a: 1}
  m_UseRadianceAmbientProbe: 0
--- !u!157 &3
LightmapSettings:
  m_ObjectHideFlags: 0
  serializedVersion: 11
  m_GIWorkflowMode: 1
  m_GISettings:
    serializedVersion: 2
    m_BounceScale: 1
    m_IndirectOutputScale: 1
    m_AlbedoBoost: 1
    m_EnvironmentLightingMode: 0
    m_EnableBakedLightmaps: 1
    m_EnableRealtimeLightmaps: 1
  m_LightmapEditorSettings:
    serializedVersion: 12
    m_Resolution: 2
    m_BakeResolution: 40
    m_AtlasSize: 1024
    m_AO: 0
    m_AOMaxDistance: 1
    m_CompAOExponent: 1
    m_CompAOExponentDirect: 0
    m_ExtractAmbientOcclusion: 0
    m_Padding: 2
    m_LightmapParameters: {fileID: 0}
    m_LightmapsBakeMode: 1
    m_TextureCompression: 1
    m_FinalGather: 0
    m_FinalGatherFiltering: 1
    m_FinalGatherRayCount: 256
    m_ReflectionCompression: 2
    m_MixedBakeMode: 2
    m_BakeBackend: 1
    m_PVRSampling: 1
    m_PVRDirectSampleCount: 32
    m_PVRSampleCount: 512
    m_PVRBounces: 2
    m_PVREnvironmentSampleCount: 256
    m_PVREnvironmentReferencePointCount: 2048
    m_PVRFilteringMode: 1
    m_PVRDenoiserTypeDirect: 1
    m_PVRDenoiserTypeIndirect: 1
    m_PVRDenoiserTypeAO: 1
    m_PVRFilterTypeDirect: 0
    m_PVRFilterTypeIndirect: 0
    m_PVRFilterTypeAO: 0
    m_PVREnvironmentMIS: 1
    m_PVRCulling: 1
    m_PVRFilteringGaussRadiusDirect: 1
    m_PVRFilteringGaussRadiusIndirect: 5
    m_PVRFilteringGaussRadiusAO: 2
    m_PVRFilteringAtrousPositionSigmaDirect: 0.5
    m_PVRFilteringAtrousPositionSigmaIndirect: 2
    m_PVRFilteringAtrousPositionSigmaAO: 1
    m_ShowResolutionOverlay: 1
    m_ExportTrainingData: 0
  m_LightingDataAsset: {fileID: 0}
  m_UseShadowmask: 1
--- !u!196 &4
NavMeshSettings:
  serializedVersion: 2
  m_ObjectHideFlags: 0
  m_BuildSettings:
    serializedVersion: 2
    agentTypeID: 0
    agentRadius: 0.5
    agentHeight: 2
    agentSlope: 45
    agentClimb: 0.4
    ledgeDropHeight: 0
    maxJumpAcrossDistance: 0
    minRegionArea: 2
    manualCellSize: 0
    cellSize: 0.16666667
    manualTileSize: 0
    tileSize: 256
    accuratePlacement: 0
    debug:
      m_Flags: 0
  m_NavMeshData: {fileID: 0}
--- !u!1 &86023169
GameObject:
  m_ObjectHideFlags: 0
  m_CorrespondingSourceObject: {fileID: 0}
  m_PrefabInstance: {fileID: 0}
  m_PrefabAsset: {fileID: 0}
  serializedVersion: 6
  m_Component:
  - component: {fileID: 86023170}
  - component: {fileID: 86023172}
  - component: {fileID: 86023171}
  m_Layer: 0
  m_Name: geo_rock_19 (6)
  m_TagString: Untagged
  m_Icon: {fileID: 0}
  m_NavMeshLayer: 0
  m_StaticEditorFlags: 0
  m_IsActive: 1
--- !u!4 &86023170
Transform:
  m_ObjectHideFlags: 0
  m_CorrespondingSourceObject: {fileID: 0}
  m_PrefabInstance: {fileID: 0}
  m_PrefabAsset: {fileID: 0}
  m_GameObject: {fileID: 86023169}
  m_LocalRotation: {x: 0.64027584, y: -0.5994157, z: -0.12043461, w: -0.46501952}
  m_LocalPosition: {x: 135.58, y: 7.7, z: 38.76}
  m_LocalScale: {x: 1, y: 1, z: 1}
  m_Children: []
  m_Father: {fileID: 1919793574537971834}
  m_RootOrder: 1
  m_LocalEulerAnglesHint: {x: -47.72, y: 143.17201, z: -437.022}
--- !u!23 &86023171
MeshRenderer:
  m_ObjectHideFlags: 0
  m_CorrespondingSourceObject: {fileID: 0}
  m_PrefabInstance: {fileID: 0}
  m_PrefabAsset: {fileID: 0}
  m_GameObject: {fileID: 86023169}
  m_Enabled: 1
  m_CastShadows: 1
  m_ReceiveShadows: 1
  m_DynamicOccludee: 1
  m_MotionVectors: 1
  m_LightProbeUsage: 1
  m_ReflectionProbeUsage: 1
  m_RenderingLayerMask: 1
  m_RendererPriority: 0
  m_Materials:
  - {fileID: 5561349426305759274, guid: c418b93cd908439438dad6c277cbd4cd, type: 3}
  m_StaticBatchInfo:
    firstSubMesh: 0
    subMeshCount: 0
  m_StaticBatchRoot: {fileID: 0}
  m_ProbeAnchor: {fileID: 0}
  m_LightProbeVolumeOverride: {fileID: 0}
  m_ScaleInLightmap: 1
  m_PreserveUVs: 0
  m_IgnoreNormalsForChartDetection: 0
  m_ImportantGI: 0
  m_StitchLightmapSeams: 1
  m_SelectedEditorRenderState: 3
  m_MinimumChartSize: 4
  m_AutoUVMaxDistance: 0.5
  m_AutoUVMaxAngle: 89
  m_LightmapParameters: {fileID: 0}
  m_SortingLayerID: 0
  m_SortingLayer: 0
  m_SortingOrder: 0
--- !u!33 &86023172
MeshFilter:
  m_ObjectHideFlags: 0
  m_CorrespondingSourceObject: {fileID: 0}
  m_PrefabInstance: {fileID: 0}
  m_PrefabAsset: {fileID: 0}
  m_GameObject: {fileID: 86023169}
  m_Mesh: {fileID: 7983335800634214056, guid: c418b93cd908439438dad6c277cbd4cd, type: 3}
--- !u!1 &249905274
GameObject:
  m_ObjectHideFlags: 0
  m_CorrespondingSourceObject: {fileID: 0}
  m_PrefabInstance: {fileID: 0}
  m_PrefabAsset: {fileID: 0}
  serializedVersion: 6
  m_Component:
  - component: {fileID: 249905276}
  - component: {fileID: 249905275}
  m_Layer: 0
  m_Name: Directional Light
  m_TagString: Untagged
  m_Icon: {fileID: 0}
  m_NavMeshLayer: 0
  m_StaticEditorFlags: 0
  m_IsActive: 1
--- !u!108 &249905275
Light:
  m_ObjectHideFlags: 0
  m_CorrespondingSourceObject: {fileID: 0}
  m_PrefabInstance: {fileID: 0}
  m_PrefabAsset: {fileID: 0}
  m_GameObject: {fileID: 249905274}
  m_Enabled: 1
  serializedVersion: 9
  m_Type: 1
  m_Color: {r: 1, g: 0.95686275, b: 0.8392157, a: 1}
  m_Intensity: 1
  m_Range: 10
  m_SpotAngle: 30
  m_InnerSpotAngle: 21.80208
  m_CookieSize: 10
  m_Shadows:
    m_Type: 2
    m_Resolution: -1
    m_CustomResolution: -1
    m_Strength: 1
    m_Bias: 0.05
    m_NormalBias: 0.4
    m_NearPlane: 0.2
    m_CullingMatrixOverride:
      e00: 1
      e01: 0
      e02: 0
      e03: 0
      e10: 0
      e11: 1
      e12: 0
      e13: 0
      e20: 0
      e21: 0
      e22: 1
      e23: 0
      e30: 0
      e31: 0
      e32: 0
      e33: 1
    m_UseCullingMatrixOverride: 0
  m_Cookie: {fileID: 0}
  m_DrawHalo: 0
  m_Flare: {fileID: 0}
  m_RenderMode: 0
  m_CullingMask:
    serializedVersion: 2
    m_Bits: 4294967295
  m_RenderingLayerMask: 1
  m_Lightmapping: 4
  m_LightShadowCasterMode: 0
  m_AreaSize: {x: 1, y: 1}
  m_BounceIntensity: 1
  m_ColorTemperature: 6570
  m_UseColorTemperature: 0
  m_BoundingSphereOverride: {x: 0, y: 0, z: 0, w: 0}
  m_UseBoundingSphereOverride: 0
  m_ShadowRadius: 0
  m_ShadowAngle: 0
--- !u!4 &249905276
Transform:
  m_ObjectHideFlags: 0
  m_CorrespondingSourceObject: {fileID: 0}
  m_PrefabInstance: {fileID: 0}
  m_PrefabAsset: {fileID: 0}
  m_GameObject: {fileID: 249905274}
  m_LocalRotation: {x: 0.40821788, y: -0.23456968, z: 0.10938163, w: 0.8754261}
  m_LocalPosition: {x: 670, y: 567, z: 94}
  m_LocalScale: {x: 1, y: 1, z: 1}
  m_Children: []
  m_Father: {fileID: 0}
  m_RootOrder: 4
  m_LocalEulerAnglesHint: {x: 50, y: -30, z: 0}
--- !u!1 &268778335
GameObject:
  m_ObjectHideFlags: 0
  m_CorrespondingSourceObject: {fileID: 0}
  m_PrefabInstance: {fileID: 0}
  m_PrefabAsset: {fileID: 0}
  serializedVersion: 6
  m_Component:
  - component: {fileID: 268778336}
  - component: {fileID: 268778338}
  - component: {fileID: 268778337}
  m_Layer: 0
  m_Name: geo_pole_3 (2)
  m_TagString: Untagged
  m_Icon: {fileID: 0}
  m_NavMeshLayer: 0
  m_StaticEditorFlags: 0
  m_IsActive: 1
--- !u!4 &268778336
Transform:
  m_ObjectHideFlags: 0
  m_CorrespondingSourceObject: {fileID: 0}
  m_PrefabInstance: {fileID: 0}
  m_PrefabAsset: {fileID: 0}
  m_GameObject: {fileID: 268778335}
  m_LocalRotation: {x: -0.0064211395, y: 0.14358412, z: 0.022305632, w: 0.9893659}
  m_LocalPosition: {x: -6.772, y: -0.829, z: 14.52}
  m_LocalScale: {x: 1, y: 1, z: 1}
  m_Children: []
  m_Father: {fileID: 541883939}
  m_RootOrder: 9
  m_LocalEulerAnglesHint: {x: -1.095, y: 16.492, z: 2.424}
--- !u!23 &268778337
MeshRenderer:
  m_ObjectHideFlags: 0
  m_CorrespondingSourceObject: {fileID: 0}
  m_PrefabInstance: {fileID: 0}
  m_PrefabAsset: {fileID: 0}
  m_GameObject: {fileID: 268778335}
  m_Enabled: 1
  m_CastShadows: 1
  m_ReceiveShadows: 1
  m_DynamicOccludee: 1
  m_MotionVectors: 1
  m_LightProbeUsage: 1
  m_ReflectionProbeUsage: 1
  m_RenderingLayerMask: 1
  m_RendererPriority: 0
  m_Materials:
  - {fileID: 5561349426305759274, guid: c26c1d37dcc133d478a23ecc479579c2, type: 3}
  m_StaticBatchInfo:
    firstSubMesh: 0
    subMeshCount: 0
  m_StaticBatchRoot: {fileID: 0}
  m_ProbeAnchor: {fileID: 0}
  m_LightProbeVolumeOverride: {fileID: 0}
  m_ScaleInLightmap: 1
  m_PreserveUVs: 0
  m_IgnoreNormalsForChartDetection: 0
  m_ImportantGI: 0
  m_StitchLightmapSeams: 1
  m_SelectedEditorRenderState: 3
  m_MinimumChartSize: 4
  m_AutoUVMaxDistance: 0.5
  m_AutoUVMaxAngle: 89
  m_LightmapParameters: {fileID: 0}
  m_SortingLayerID: 0
  m_SortingLayer: 0
  m_SortingOrder: 0
--- !u!33 &268778338
MeshFilter:
  m_ObjectHideFlags: 0
  m_CorrespondingSourceObject: {fileID: 0}
  m_PrefabInstance: {fileID: 0}
  m_PrefabAsset: {fileID: 0}
  m_GameObject: {fileID: 268778335}
  m_Mesh: {fileID: 9163661564185112492, guid: c26c1d37dcc133d478a23ecc479579c2, type: 3}
--- !u!1001 &541883938
PrefabInstance:
  m_ObjectHideFlags: 0
  serializedVersion: 2
  m_Modification:
    m_TransformParent: {fileID: 1621214427}
    m_Modifications:
    - target: {fileID: -927199367670048503, guid: c26c1d37dcc133d478a23ecc479579c2,
        type: 3}
      propertyPath: m_Name
      value: Poles_fruits
      objectReference: {fileID: 0}
    - target: {fileID: -4216859302048453862, guid: c26c1d37dcc133d478a23ecc479579c2,
        type: 3}
      propertyPath: m_LocalPosition.x
      value: 190.46667
      objectReference: {fileID: 0}
    - target: {fileID: -4216859302048453862, guid: c26c1d37dcc133d478a23ecc479579c2,
        type: 3}
      propertyPath: m_LocalPosition.y
      value: 4.25832
      objectReference: {fileID: 0}
    - target: {fileID: -4216859302048453862, guid: c26c1d37dcc133d478a23ecc479579c2,
        type: 3}
      propertyPath: m_LocalPosition.z
      value: 146.65666
      objectReference: {fileID: 0}
    - target: {fileID: -4216859302048453862, guid: c26c1d37dcc133d478a23ecc479579c2,
        type: 3}
      propertyPath: m_LocalRotation.x
      value: -0
      objectReference: {fileID: 0}
    - target: {fileID: -4216859302048453862, guid: c26c1d37dcc133d478a23ecc479579c2,
        type: 3}
      propertyPath: m_LocalRotation.y
      value: -0
      objectReference: {fileID: 0}
    - target: {fileID: -4216859302048453862, guid: c26c1d37dcc133d478a23ecc479579c2,
        type: 3}
      propertyPath: m_LocalRotation.z
      value: -0
      objectReference: {fileID: 0}
    - target: {fileID: -4216859302048453862, guid: c26c1d37dcc133d478a23ecc479579c2,
        type: 3}
      propertyPath: m_LocalRotation.w
      value: 1
      objectReference: {fileID: 0}
    - target: {fileID: -4216859302048453862, guid: c26c1d37dcc133d478a23ecc479579c2,
        type: 3}
      propertyPath: m_RootOrder
      value: 0
      objectReference: {fileID: 0}
    - target: {fileID: -4216859302048453862, guid: c26c1d37dcc133d478a23ecc479579c2,
        type: 3}
      propertyPath: m_LocalEulerAnglesHint.x
      value: 0
      objectReference: {fileID: 0}
    - target: {fileID: -4216859302048453862, guid: c26c1d37dcc133d478a23ecc479579c2,
        type: 3}
      propertyPath: m_LocalEulerAnglesHint.y
      value: 0
      objectReference: {fileID: 0}
    - target: {fileID: -4216859302048453862, guid: c26c1d37dcc133d478a23ecc479579c2,
        type: 3}
      propertyPath: m_LocalEulerAnglesHint.z
      value: 0
      objectReference: {fileID: 0}
    - target: {fileID: -4216859302048453862, guid: c26c1d37dcc133d478a23ecc479579c2,
        type: 3}
      propertyPath: m_LocalScale.x
      value: 3.1
      objectReference: {fileID: 0}
    - target: {fileID: -4216859302048453862, guid: c26c1d37dcc133d478a23ecc479579c2,
        type: 3}
      propertyPath: m_LocalScale.y
      value: 3.2337425
      objectReference: {fileID: 0}
    - target: {fileID: -4216859302048453862, guid: c26c1d37dcc133d478a23ecc479579c2,
        type: 3}
      propertyPath: m_LocalScale.z
      value: 3.2337425
      objectReference: {fileID: 0}
    - target: {fileID: -1055655712065857983, guid: c26c1d37dcc133d478a23ecc479579c2,
        type: 3}
      propertyPath: m_LocalRotation.x
      value: 0.19677109
      objectReference: {fileID: 0}
    - target: {fileID: -1055655712065857983, guid: c26c1d37dcc133d478a23ecc479579c2,
        type: 3}
      propertyPath: m_LocalRotation.z
      value: 0.21091422
      objectReference: {fileID: 0}
    - target: {fileID: -1055655712065857983, guid: c26c1d37dcc133d478a23ecc479579c2,
        type: 3}
      propertyPath: m_LocalRotation.w
      value: 0.95701003
      objectReference: {fileID: 0}
    - target: {fileID: -1055655712065857983, guid: c26c1d37dcc133d478a23ecc479579c2,
        type: 3}
      propertyPath: m_LocalPosition.x
      value: -1.566
      objectReference: {fileID: 0}
    - target: {fileID: -1055655712065857983, guid: c26c1d37dcc133d478a23ecc479579c2,
        type: 3}
      propertyPath: m_LocalPosition.y
      value: -0.054
      objectReference: {fileID: 0}
    - target: {fileID: -1055655712065857983, guid: c26c1d37dcc133d478a23ecc479579c2,
        type: 3}
      propertyPath: m_LocalPosition.z
      value: -0.716
      objectReference: {fileID: 0}
    - target: {fileID: -1055655712065857983, guid: c26c1d37dcc133d478a23ecc479579c2,
        type: 3}
      propertyPath: m_LocalEulerAnglesHint.z
      value: 25.169
      objectReference: {fileID: 0}
    - target: {fileID: -1055655712065857983, guid: c26c1d37dcc133d478a23ecc479579c2,
        type: 3}
      propertyPath: m_LocalRotation.y
      value: -0.03046678
      objectReference: {fileID: 0}
    - target: {fileID: -1055655712065857983, guid: c26c1d37dcc133d478a23ecc479579c2,
        type: 3}
      propertyPath: m_LocalEulerAnglesHint.x
      value: 22.922
      objectReference: {fileID: 0}
    - target: {fileID: -1055655712065857983, guid: c26c1d37dcc133d478a23ecc479579c2,
        type: 3}
      propertyPath: m_LocalEulerAnglesHint.y
      value: 1.536
      objectReference: {fileID: 0}
    - target: {fileID: -5889627798471015179, guid: c26c1d37dcc133d478a23ecc479579c2,
        type: 3}
      propertyPath: m_LocalRotation.x
      value: 0.09593574
      objectReference: {fileID: 0}
    - target: {fileID: -5889627798471015179, guid: c26c1d37dcc133d478a23ecc479579c2,
        type: 3}
      propertyPath: m_LocalRotation.y
      value: 0.26952162
      objectReference: {fileID: 0}
    - target: {fileID: -5889627798471015179, guid: c26c1d37dcc133d478a23ecc479579c2,
        type: 3}
      propertyPath: m_LocalRotation.z
      value: -0.17074059
      objectReference: {fileID: 0}
    - target: {fileID: -5889627798471015179, guid: c26c1d37dcc133d478a23ecc479579c2,
        type: 3}
      propertyPath: m_LocalRotation.w
      value: 0.9428691
      objectReference: {fileID: 0}
    - target: {fileID: -5889627798471015179, guid: c26c1d37dcc133d478a23ecc479579c2,
        type: 3}
      propertyPath: m_LocalPosition.x
      value: 0.769
      objectReference: {fileID: 0}
    - target: {fileID: -5889627798471015179, guid: c26c1d37dcc133d478a23ecc479579c2,
        type: 3}
      propertyPath: m_LocalPosition.y
      value: -0.323
      objectReference: {fileID: 0}
    - target: {fileID: -5889627798471015179, guid: c26c1d37dcc133d478a23ecc479579c2,
        type: 3}
      propertyPath: m_LocalPosition.z
      value: -0.526
      objectReference: {fileID: 0}
    - target: {fileID: -5889627798471015179, guid: c26c1d37dcc133d478a23ecc479579c2,
        type: 3}
      propertyPath: m_LocalEulerAnglesHint.x
      value: 15.840001
      objectReference: {fileID: 0}
    - target: {fileID: -5889627798471015179, guid: c26c1d37dcc133d478a23ecc479579c2,
        type: 3}
      propertyPath: m_LocalEulerAnglesHint.y
      value: 29.621002
      objectReference: {fileID: 0}
    - target: {fileID: -5889627798471015179, guid: c26c1d37dcc133d478a23ecc479579c2,
        type: 3}
      propertyPath: m_LocalEulerAnglesHint.z
      value: -16.315
      objectReference: {fileID: 0}
    - target: {fileID: -2204570126234149056, guid: c26c1d37dcc133d478a23ecc479579c2,
        type: 3}
      propertyPath: m_LocalPosition.y
      value: -0.212
      objectReference: {fileID: 0}
    - target: {fileID: -2204570126234149056, guid: c26c1d37dcc133d478a23ecc479579c2,
        type: 3}
      propertyPath: m_LocalPosition.x
      value: -1.749
      objectReference: {fileID: 0}
    - target: {fileID: -2204570126234149056, guid: c26c1d37dcc133d478a23ecc479579c2,
        type: 3}
      propertyPath: m_LocalPosition.z
      value: -1.104
      objectReference: {fileID: 0}
    - target: {fileID: -2204570126234149056, guid: c26c1d37dcc133d478a23ecc479579c2,
        type: 3}
      propertyPath: m_LocalRotation.x
      value: -0.0064211395
      objectReference: {fileID: 0}
    - target: {fileID: -2204570126234149056, guid: c26c1d37dcc133d478a23ecc479579c2,
        type: 3}
      propertyPath: m_LocalRotation.y
      value: 0.14358412
      objectReference: {fileID: 0}
    - target: {fileID: -2204570126234149056, guid: c26c1d37dcc133d478a23ecc479579c2,
        type: 3}
      propertyPath: m_LocalRotation.z
      value: 0.022305632
      objectReference: {fileID: 0}
    - target: {fileID: -2204570126234149056, guid: c26c1d37dcc133d478a23ecc479579c2,
        type: 3}
      propertyPath: m_LocalRotation.w
      value: 0.9893659
      objectReference: {fileID: 0}
    - target: {fileID: -2204570126234149056, guid: c26c1d37dcc133d478a23ecc479579c2,
        type: 3}
      propertyPath: m_LocalEulerAnglesHint.x
      value: -1.095
      objectReference: {fileID: 0}
    - target: {fileID: -2204570126234149056, guid: c26c1d37dcc133d478a23ecc479579c2,
        type: 3}
      propertyPath: m_LocalEulerAnglesHint.y
      value: 16.492
      objectReference: {fileID: 0}
    - target: {fileID: -2204570126234149056, guid: c26c1d37dcc133d478a23ecc479579c2,
        type: 3}
      propertyPath: m_LocalEulerAnglesHint.z
      value: 2.424
      objectReference: {fileID: 0}
    - target: {fileID: -2593721380193297495, guid: c26c1d37dcc133d478a23ecc479579c2,
        type: 3}
      propertyPath: m_LocalPosition.x
      value: 1.737
      objectReference: {fileID: 0}
    - target: {fileID: -2593721380193297495, guid: c26c1d37dcc133d478a23ecc479579c2,
        type: 3}
      propertyPath: m_LocalPosition.z
      value: -2.563
      objectReference: {fileID: 0}
    - target: {fileID: -2593721380193297495, guid: c26c1d37dcc133d478a23ecc479579c2,
        type: 3}
      propertyPath: m_LocalRotation.x
      value: -0.09083159
      objectReference: {fileID: 0}
    - target: {fileID: -2593721380193297495, guid: c26c1d37dcc133d478a23ecc479579c2,
        type: 3}
      propertyPath: m_LocalRotation.z
      value: -0.1277899
      objectReference: {fileID: 0}
    - target: {fileID: -2593721380193297495, guid: c26c1d37dcc133d478a23ecc479579c2,
        type: 3}
      propertyPath: m_LocalRotation.w
      value: 0.98736316
      objectReference: {fileID: 0}
    - target: {fileID: -2593721380193297495, guid: c26c1d37dcc133d478a23ecc479579c2,
        type: 3}
      propertyPath: m_LocalPosition.y
      value: -0.295
      objectReference: {fileID: 0}
    - target: {fileID: -2593721380193297495, guid: c26c1d37dcc133d478a23ecc479579c2,
        type: 3}
      propertyPath: m_LocalEulerAnglesHint.z
      value: -15.099001
      objectReference: {fileID: 0}
    - target: {fileID: -2593721380193297495, guid: c26c1d37dcc133d478a23ecc479579c2,
        type: 3}
      propertyPath: m_LocalRotation.y
      value: 0.02309568
      objectReference: {fileID: 0}
    - target: {fileID: -2593721380193297495, guid: c26c1d37dcc133d478a23ecc479579c2,
        type: 3}
      propertyPath: m_LocalEulerAnglesHint.x
      value: -9.989
      objectReference: {fileID: 0}
    - target: {fileID: -2593721380193297495, guid: c26c1d37dcc133d478a23ecc479579c2,
        type: 3}
      propertyPath: m_LocalEulerAnglesHint.y
      value: 4.007
      objectReference: {fileID: 0}
    m_RemovedComponents: []
  m_SourcePrefab: {fileID: 100100000, guid: c26c1d37dcc133d478a23ecc479579c2, type: 3}
--- !u!4 &541883939 stripped
Transform:
  m_CorrespondingSourceObject: {fileID: -4216859302048453862, guid: c26c1d37dcc133d478a23ecc479579c2,
    type: 3}
  m_PrefabInstance: {fileID: 541883938}
  m_PrefabAsset: {fileID: 0}
--- !u!1 &659247356
GameObject:
  m_ObjectHideFlags: 0
  m_CorrespondingSourceObject: {fileID: 0}
  m_PrefabInstance: {fileID: 0}
  m_PrefabAsset: {fileID: 0}
  serializedVersion: 6
  m_Component:
  - component: {fileID: 659247357}
  - component: {fileID: 659247359}
  - component: {fileID: 659247358}
  m_Layer: 0
  m_Name: geo_rock_19 (11)
  m_TagString: Untagged
  m_Icon: {fileID: 0}
  m_NavMeshLayer: 0
  m_StaticEditorFlags: 0
  m_IsActive: 1
--- !u!4 &659247357
Transform:
  m_ObjectHideFlags: 0
  m_CorrespondingSourceObject: {fileID: 0}
  m_PrefabInstance: {fileID: 0}
  m_PrefabAsset: {fileID: 0}
  m_GameObject: {fileID: 659247356}
  m_LocalRotation: {x: 0.2246613, y: -0.9631384, z: 0.07463619, w: -0.12775408}
  m_LocalPosition: {x: -142.76, y: 8.349997, z: -129.47997}
  m_LocalScale: {x: 0.62757, y: 0.62757, z: 0.62757}
  m_Children: []
  m_Father: {fileID: 1919793574537971834}
  m_RootOrder: 4
  m_LocalEulerAnglesHint: {x: 4.9550004, y: -196.29999, z: -26.970001}
--- !u!23 &659247358
MeshRenderer:
  m_ObjectHideFlags: 0
  m_CorrespondingSourceObject: {fileID: 0}
  m_PrefabInstance: {fileID: 0}
  m_PrefabAsset: {fileID: 0}
  m_GameObject: {fileID: 659247356}
  m_Enabled: 1
  m_CastShadows: 1
  m_ReceiveShadows: 1
  m_DynamicOccludee: 1
  m_MotionVectors: 1
  m_LightProbeUsage: 1
  m_ReflectionProbeUsage: 1
  m_RenderingLayerMask: 1
  m_RendererPriority: 0
  m_Materials:
  - {fileID: 5561349426305759274, guid: c418b93cd908439438dad6c277cbd4cd, type: 3}
  m_StaticBatchInfo:
    firstSubMesh: 0
    subMeshCount: 0
  m_StaticBatchRoot: {fileID: 0}
  m_ProbeAnchor: {fileID: 0}
  m_LightProbeVolumeOverride: {fileID: 0}
  m_ScaleInLightmap: 1
  m_PreserveUVs: 0
  m_IgnoreNormalsForChartDetection: 0
  m_ImportantGI: 0
  m_StitchLightmapSeams: 1
  m_SelectedEditorRenderState: 3
  m_MinimumChartSize: 4
  m_AutoUVMaxDistance: 0.5
  m_AutoUVMaxAngle: 89
  m_LightmapParameters: {fileID: 0}
  m_SortingLayerID: 0
  m_SortingLayer: 0
  m_SortingOrder: 0
--- !u!33 &659247359
MeshFilter:
  m_ObjectHideFlags: 0
  m_CorrespondingSourceObject: {fileID: 0}
  m_PrefabInstance: {fileID: 0}
  m_PrefabAsset: {fileID: 0}
  m_GameObject: {fileID: 659247356}
  m_Mesh: {fileID: 7983335800634214056, guid: c418b93cd908439438dad6c277cbd4cd, type: 3}
--- !u!1 &718288964
GameObject:
  m_ObjectHideFlags: 0
  m_CorrespondingSourceObject: {fileID: 0}
  m_PrefabInstance: {fileID: 0}
  m_PrefabAsset: {fileID: 0}
  serializedVersion: 6
  m_Component:
  - component: {fileID: 718288967}
  - component: {fileID: 718288966}
  - component: {fileID: 718288965}
  m_Layer: 0
  m_Name: Terrain (3)
  m_TagString: Untagged
  m_Icon: {fileID: 0}
  m_NavMeshLayer: 0
  m_StaticEditorFlags: 4294967295
  m_IsActive: 1
--- !u!154 &718288965
TerrainCollider:
  m_ObjectHideFlags: 0
  m_CorrespondingSourceObject: {fileID: 0}
  m_PrefabInstance: {fileID: 0}
  m_PrefabAsset: {fileID: 0}
  m_GameObject: {fileID: 718288964}
  m_Material: {fileID: 0}
  m_Enabled: 1
  m_TerrainData: {fileID: 15600000, guid: 3767881663da2424b9d40f5e8f1736c4, type: 2}
  m_EnableTreeColliders: 1
--- !u!218 &718288966
Terrain:
  m_ObjectHideFlags: 0
  m_CorrespondingSourceObject: {fileID: 0}
  m_PrefabInstance: {fileID: 0}
  m_PrefabAsset: {fileID: 0}
  m_GameObject: {fileID: 718288964}
  m_Enabled: 1
  serializedVersion: 4
  m_TerrainData: {fileID: 15600000, guid: 3767881663da2424b9d40f5e8f1736c4, type: 2}
  m_TreeDistance: 5000
  m_TreeBillboardDistance: 50
  m_TreeCrossFadeLength: 5
  m_TreeMaximumFullLODCount: 50
  m_DetailObjectDistance: 80
  m_DetailObjectDensity: 1
  m_HeightmapPixelError: 5
  m_SplatMapDistance: 1000
  m_HeightmapMaximumLOD: 0
  m_ShadowCastingMode: 2
  m_DrawHeightmap: 1
  m_DrawInstanced: 0
  m_DrawTreesAndFoliage: 1
  m_ReflectionProbeUsage: 1
  m_MaterialType: 0
  m_LegacySpecular:
    serializedVersion: 2
    rgba: 4286545791
  m_LegacyShininess: 0.078125
  m_MaterialTemplate: {fileID: 0}
  m_BakeLightProbesForTrees: 1
  m_PreserveTreePrototypeLayers: 0
  m_DeringLightProbesForTrees: 1
  m_ScaleInLightmap: 0.0256
  m_LightmapParameters: {fileID: 15203, guid: 0000000000000000f000000000000000, type: 0}
  m_GroupingID: 0
  m_AllowAutoConnect: 1
--- !u!4 &718288967
Transform:
  m_ObjectHideFlags: 0
  m_CorrespondingSourceObject: {fileID: 0}
  m_PrefabInstance: {fileID: 0}
  m_PrefabAsset: {fileID: 0}
  m_GameObject: {fileID: 718288964}
  m_LocalRotation: {x: 0, y: 0, z: 0, w: 1}
  m_LocalPosition: {x: -197, y: -2.75, z: -769}
  m_LocalScale: {x: 1, y: 1, z: 1}
  m_Children: []
  m_Father: {fileID: 0}
  m_RootOrder: 9
  m_LocalEulerAnglesHint: {x: 0, y: 0, z: 0}
--- !u!1 &1150669801
GameObject:
  m_ObjectHideFlags: 0
  m_CorrespondingSourceObject: {fileID: 0}
  m_PrefabInstance: {fileID: 0}
  m_PrefabAsset: {fileID: 0}
  serializedVersion: 6
  m_Component:
  - component: {fileID: 1150669802}
  - component: {fileID: 1150669804}
  - component: {fileID: 1150669803}
  m_Layer: 0
  m_Name: geo_rock_24 (9)
  m_TagString: Untagged
  m_Icon: {fileID: 0}
  m_NavMeshLayer: 0
  m_StaticEditorFlags: 0
  m_IsActive: 1
--- !u!4 &1150669802
Transform:
  m_ObjectHideFlags: 0
  m_CorrespondingSourceObject: {fileID: 0}
  m_PrefabInstance: {fileID: 0}
  m_PrefabAsset: {fileID: 0}
  m_GameObject: {fileID: 1150669801}
  m_LocalRotation: {x: -0.1673881, y: 0.12940083, z: 0.7443667, w: -0.6333679}
  m_LocalPosition: {x: -204.4, y: 4.75, z: -88.69}
  m_LocalScale: {x: 1, y: 1, z: 1}
  m_Children: []
  m_Father: {fileID: 1919793574537971834}
  m_RootOrder: 5
  m_LocalEulerAnglesHint: {x: 1.1110001, y: -384.405, z: -99.453}
--- !u!23 &1150669803
MeshRenderer:
  m_ObjectHideFlags: 0
  m_CorrespondingSourceObject: {fileID: 0}
  m_PrefabInstance: {fileID: 0}
  m_PrefabAsset: {fileID: 0}
  m_GameObject: {fileID: 1150669801}
  m_Enabled: 1
  m_CastShadows: 1
  m_ReceiveShadows: 1
  m_DynamicOccludee: 1
  m_MotionVectors: 1
  m_LightProbeUsage: 1
  m_ReflectionProbeUsage: 1
  m_RenderingLayerMask: 1
  m_RendererPriority: 0
  m_Materials:
  - {fileID: 5561349426305759274, guid: c418b93cd908439438dad6c277cbd4cd, type: 3}
  m_StaticBatchInfo:
    firstSubMesh: 0
    subMeshCount: 0
  m_StaticBatchRoot: {fileID: 0}
  m_ProbeAnchor: {fileID: 0}
  m_LightProbeVolumeOverride: {fileID: 0}
  m_ScaleInLightmap: 1
  m_PreserveUVs: 0
  m_IgnoreNormalsForChartDetection: 0
  m_ImportantGI: 0
  m_StitchLightmapSeams: 1
  m_SelectedEditorRenderState: 3
  m_MinimumChartSize: 4
  m_AutoUVMaxDistance: 0.5
  m_AutoUVMaxAngle: 89
  m_LightmapParameters: {fileID: 0}
  m_SortingLayerID: 0
  m_SortingLayer: 0
  m_SortingOrder: 0
--- !u!33 &1150669804
MeshFilter:
  m_ObjectHideFlags: 0
  m_CorrespondingSourceObject: {fileID: 0}
  m_PrefabInstance: {fileID: 0}
  m_PrefabAsset: {fileID: 0}
  m_GameObject: {fileID: 1150669801}
  m_Mesh: {fileID: 3527998521664648256, guid: c418b93cd908439438dad6c277cbd4cd, type: 3}
--- !u!1 &1193585408
GameObject:
  m_ObjectHideFlags: 0
  m_CorrespondingSourceObject: {fileID: 0}
  m_PrefabInstance: {fileID: 0}
  m_PrefabAsset: {fileID: 0}
  serializedVersion: 6
  m_Component:
  - component: {fileID: 1193585409}
  - component: {fileID: 1193585411}
  - component: {fileID: 1193585410}
  m_Layer: 0
  m_Name: geo_rock_23 (4)
  m_TagString: Untagged
  m_Icon: {fileID: 0}
  m_NavMeshLayer: 0
  m_StaticEditorFlags: 0
  m_IsActive: 1
--- !u!4 &1193585409
Transform:
  m_ObjectHideFlags: 0
  m_CorrespondingSourceObject: {fileID: 0}
  m_PrefabInstance: {fileID: 0}
  m_PrefabAsset: {fileID: 0}
  m_GameObject: {fileID: 1193585408}
  m_LocalRotation: {x: -0.01673519, y: 0.7419766, z: -0.011239402, w: 0.67012274}
  m_LocalPosition: {x: 140.22, y: 8.69, z: 32.49}
  m_LocalScale: {x: 0.5842, y: 0.5842, z: 0.5842}
  m_Children: []
  m_Father: {fileID: 1919793574537971834}
  m_RootOrder: 0
  m_LocalEulerAnglesHint: {x: -0.32900003, y: 95.83201, z: -2.2870002}
--- !u!23 &1193585410
MeshRenderer:
  m_ObjectHideFlags: 0
  m_CorrespondingSourceObject: {fileID: 0}
  m_PrefabInstance: {fileID: 0}
  m_PrefabAsset: {fileID: 0}
  m_GameObject: {fileID: 1193585408}
  m_Enabled: 1
  m_CastShadows: 1
  m_ReceiveShadows: 1
  m_DynamicOccludee: 1
  m_MotionVectors: 1
  m_LightProbeUsage: 1
  m_ReflectionProbeUsage: 1
  m_RenderingLayerMask: 1
  m_RendererPriority: 0
  m_Materials:
  - {fileID: 5561349426305759274, guid: c418b93cd908439438dad6c277cbd4cd, type: 3}
  m_StaticBatchInfo:
    firstSubMesh: 0
    subMeshCount: 0
  m_StaticBatchRoot: {fileID: 0}
  m_ProbeAnchor: {fileID: 0}
  m_LightProbeVolumeOverride: {fileID: 0}
  m_ScaleInLightmap: 1
  m_PreserveUVs: 0
  m_IgnoreNormalsForChartDetection: 0
  m_ImportantGI: 0
  m_StitchLightmapSeams: 1
  m_SelectedEditorRenderState: 3
  m_MinimumChartSize: 4
  m_AutoUVMaxDistance: 0.5
  m_AutoUVMaxAngle: 89
  m_LightmapParameters: {fileID: 0}
  m_SortingLayerID: 0
  m_SortingLayer: 0
  m_SortingOrder: 0
--- !u!33 &1193585411
MeshFilter:
  m_ObjectHideFlags: 0
  m_CorrespondingSourceObject: {fileID: 0}
  m_PrefabInstance: {fileID: 0}
  m_PrefabAsset: {fileID: 0}
  m_GameObject: {fileID: 1193585408}
  m_Mesh: {fileID: -3637549932214289780, guid: c418b93cd908439438dad6c277cbd4cd, type: 3}
--- !u!1 &1304946634
GameObject:
  m_ObjectHideFlags: 0
  m_CorrespondingSourceObject: {fileID: 0}
  m_PrefabInstance: {fileID: 0}
  m_PrefabAsset: {fileID: 0}
  serializedVersion: 6
  m_Component:
  - component: {fileID: 1304946635}
  - component: {fileID: 1304946637}
  - component: {fileID: 1304946636}
  m_Layer: 0
  m_Name: geo_pole_2 (2)
  m_TagString: Untagged
  m_Icon: {fileID: 0}
  m_NavMeshLayer: 0
  m_StaticEditorFlags: 0
  m_IsActive: 1
--- !u!4 &1304946635
Transform:
  m_ObjectHideFlags: 0
  m_CorrespondingSourceObject: {fileID: 0}
  m_PrefabInstance: {fileID: 0}
  m_PrefabAsset: {fileID: 0}
  m_GameObject: {fileID: 1304946634}
  m_LocalRotation: {x: -0.010168926, y: 0.28693402, z: -0.13951024, w: 0.9476826}
  m_LocalPosition: {x: -5.172, y: -0.459, z: 13.524}
  m_LocalScale: {x: 1, y: 1, z: 1}
  m_Children: []
  m_Father: {fileID: 541883939}
  m_RootOrder: 8
  m_LocalEulerAnglesHint: {x: 3.4850001, y: 33.209003, z: -15.709001}
--- !u!23 &1304946636
MeshRenderer:
  m_ObjectHideFlags: 0
  m_CorrespondingSourceObject: {fileID: 0}
  m_PrefabInstance: {fileID: 0}
  m_PrefabAsset: {fileID: 0}
  m_GameObject: {fileID: 1304946634}
  m_Enabled: 1
  m_CastShadows: 1
  m_ReceiveShadows: 1
  m_DynamicOccludee: 1
  m_MotionVectors: 1
  m_LightProbeUsage: 1
  m_ReflectionProbeUsage: 1
  m_RenderingLayerMask: 1
  m_RendererPriority: 0
  m_Materials:
  - {fileID: 5561349426305759274, guid: c26c1d37dcc133d478a23ecc479579c2, type: 3}
  m_StaticBatchInfo:
    firstSubMesh: 0
    subMeshCount: 0
  m_StaticBatchRoot: {fileID: 0}
  m_ProbeAnchor: {fileID: 0}
  m_LightProbeVolumeOverride: {fileID: 0}
  m_ScaleInLightmap: 1
  m_PreserveUVs: 0
  m_IgnoreNormalsForChartDetection: 0
  m_ImportantGI: 0
  m_StitchLightmapSeams: 1
  m_SelectedEditorRenderState: 3
  m_MinimumChartSize: 4
  m_AutoUVMaxDistance: 0.5
  m_AutoUVMaxAngle: 89
  m_LightmapParameters: {fileID: 0}
  m_SortingLayerID: 0
  m_SortingLayer: 0
  m_SortingOrder: 0
--- !u!33 &1304946637
MeshFilter:
  m_ObjectHideFlags: 0
  m_CorrespondingSourceObject: {fileID: 0}
  m_PrefabInstance: {fileID: 0}
  m_PrefabAsset: {fileID: 0}
  m_GameObject: {fileID: 1304946634}
  m_Mesh: {fileID: 3665440024848071665, guid: c26c1d37dcc133d478a23ecc479579c2, type: 3}
--- !u!1 &1316689908
GameObject:
  m_ObjectHideFlags: 0
  m_CorrespondingSourceObject: {fileID: 0}
  m_PrefabInstance: {fileID: 0}
  m_PrefabAsset: {fileID: 0}
  serializedVersion: 6
  m_Component:
  - component: {fileID: 1316689909}
  - component: {fileID: 1316689911}
  - component: {fileID: 1316689910}
  m_Layer: 0
  m_Name: geo_pole_1 (1)
  m_TagString: Untagged
  m_Icon: {fileID: 0}
  m_NavMeshLayer: 0
  m_StaticEditorFlags: 0
  m_IsActive: 1
--- !u!4 &1316689909
Transform:
  m_ObjectHideFlags: 0
  m_CorrespondingSourceObject: {fileID: 0}
  m_PrefabInstance: {fileID: 0}
  m_PrefabAsset: {fileID: 0}
  m_GameObject: {fileID: 1316689908}
  m_LocalRotation: {x: 0.111583956, y: -0.019596275, z: 0.089819446, w: 0.9894936}
  m_LocalPosition: {x: -14.125, y: 0.072, z: 19.929}
  m_LocalScale: {x: 1, y: 1, z: 1}
  m_Children: []
  m_Father: {fileID: 541883939}
  m_RootOrder: 4
  m_LocalEulerAnglesHint: {x: 12.964001, y: -1.102, z: 10.248}
--- !u!23 &1316689910
MeshRenderer:
  m_ObjectHideFlags: 0
  m_CorrespondingSourceObject: {fileID: 0}
  m_PrefabInstance: {fileID: 0}
  m_PrefabAsset: {fileID: 0}
  m_GameObject: {fileID: 1316689908}
  m_Enabled: 1
  m_CastShadows: 1
  m_ReceiveShadows: 1
  m_DynamicOccludee: 1
  m_MotionVectors: 1
  m_LightProbeUsage: 1
  m_ReflectionProbeUsage: 1
  m_RenderingLayerMask: 1
  m_RendererPriority: 0
  m_Materials:
  - {fileID: 5561349426305759274, guid: c26c1d37dcc133d478a23ecc479579c2, type: 3}
  m_StaticBatchInfo:
    firstSubMesh: 0
    subMeshCount: 0
  m_StaticBatchRoot: {fileID: 0}
  m_ProbeAnchor: {fileID: 0}
  m_LightProbeVolumeOverride: {fileID: 0}
  m_ScaleInLightmap: 1
  m_PreserveUVs: 0
  m_IgnoreNormalsForChartDetection: 0
  m_ImportantGI: 0
  m_StitchLightmapSeams: 1
  m_SelectedEditorRenderState: 3
  m_MinimumChartSize: 4
  m_AutoUVMaxDistance: 0.5
  m_AutoUVMaxAngle: 89
  m_LightmapParameters: {fileID: 0}
  m_SortingLayerID: 0
  m_SortingLayer: 0
  m_SortingOrder: 0
--- !u!33 &1316689911
MeshFilter:
  m_ObjectHideFlags: 0
  m_CorrespondingSourceObject: {fileID: 0}
  m_PrefabInstance: {fileID: 0}
  m_PrefabAsset: {fileID: 0}
  m_GameObject: {fileID: 1316689908}
  m_Mesh: {fileID: -6706462514072342803, guid: c26c1d37dcc133d478a23ecc479579c2, type: 3}
--- !u!1 &1354901917
GameObject:
  m_ObjectHideFlags: 0
  m_CorrespondingSourceObject: {fileID: 0}
  m_PrefabInstance: {fileID: 0}
  m_PrefabAsset: {fileID: 0}
  serializedVersion: 6
  m_Component:
  - component: {fileID: 1354901918}
  - component: {fileID: 1354901920}
  - component: {fileID: 1354901919}
  m_Layer: 0
  m_Name: geo_rock_17 (5)
  m_TagString: Untagged
  m_Icon: {fileID: 0}
  m_NavMeshLayer: 0
  m_StaticEditorFlags: 0
  m_IsActive: 1
--- !u!4 &1354901918
Transform:
  m_ObjectHideFlags: 0
  m_CorrespondingSourceObject: {fileID: 0}
  m_PrefabInstance: {fileID: 0}
  m_PrefabAsset: {fileID: 0}
  m_GameObject: {fileID: 1354901917}
  m_LocalRotation: {x: -0, y: 0.8319243, z: -0, w: 0.55488914}
  m_LocalPosition: {x: -153.66, y: 10.28, z: -130.8}
  m_LocalScale: {x: 0.9012057, y: 0.66441, z: 0.9841905}
  m_Children: []
  m_Father: {fileID: 1919793574537971834}
  m_RootOrder: 3
  m_LocalEulerAnglesHint: {x: 0, y: 112.594, z: 0}
--- !u!23 &1354901919
MeshRenderer:
  m_ObjectHideFlags: 0
  m_CorrespondingSourceObject: {fileID: 0}
  m_PrefabInstance: {fileID: 0}
  m_PrefabAsset: {fileID: 0}
  m_GameObject: {fileID: 1354901917}
  m_Enabled: 1
  m_CastShadows: 1
  m_ReceiveShadows: 1
  m_DynamicOccludee: 1
  m_MotionVectors: 1
  m_LightProbeUsage: 1
  m_ReflectionProbeUsage: 1
  m_RenderingLayerMask: 1
  m_RendererPriority: 0
  m_Materials:
  - {fileID: 5561349426305759274, guid: c418b93cd908439438dad6c277cbd4cd, type: 3}
  m_StaticBatchInfo:
    firstSubMesh: 0
    subMeshCount: 0
  m_StaticBatchRoot: {fileID: 0}
  m_ProbeAnchor: {fileID: 0}
  m_LightProbeVolumeOverride: {fileID: 0}
  m_ScaleInLightmap: 1
  m_PreserveUVs: 0
  m_IgnoreNormalsForChartDetection: 0
  m_ImportantGI: 0
  m_StitchLightmapSeams: 1
  m_SelectedEditorRenderState: 3
  m_MinimumChartSize: 4
  m_AutoUVMaxDistance: 0.5
  m_AutoUVMaxAngle: 89
  m_LightmapParameters: {fileID: 0}
  m_SortingLayerID: 0
  m_SortingLayer: 0
  m_SortingOrder: 0
--- !u!33 &1354901920
MeshFilter:
  m_ObjectHideFlags: 0
  m_CorrespondingSourceObject: {fileID: 0}
  m_PrefabInstance: {fileID: 0}
  m_PrefabAsset: {fileID: 0}
  m_GameObject: {fileID: 1354901917}
  m_Mesh: {fileID: -2421552939845610446, guid: c418b93cd908439438dad6c277cbd4cd, type: 3}
--- !u!1 &1518441267
GameObject:
  m_ObjectHideFlags: 0
  m_CorrespondingSourceObject: {fileID: 0}
  m_PrefabInstance: {fileID: 0}
  m_PrefabAsset: {fileID: 0}
  serializedVersion: 6
  m_Component:
  - component: {fileID: 1518441268}
  - component: {fileID: 1518441270}
  - component: {fileID: 1518441269}
  m_Layer: 0
  m_Name: geo_pole_4 (1)
  m_TagString: Untagged
  m_Icon: {fileID: 0}
  m_NavMeshLayer: 0
  m_StaticEditorFlags: 0
  m_IsActive: 1
--- !u!4 &1518441268
Transform:
  m_ObjectHideFlags: 0
  m_CorrespondingSourceObject: {fileID: 0}
  m_PrefabInstance: {fileID: 0}
  m_PrefabAsset: {fileID: 0}
  m_GameObject: {fileID: 1518441267}
  m_LocalRotation: {x: -0.09083159, y: 0.02309568, z: -0.1277899, w: 0.98736316}
  m_LocalPosition: {x: -14.662, y: -0.386, z: 16.665}
  m_LocalScale: {x: 1, y: 1, z: 1}
  m_Children: []
  m_Father: {fileID: 541883939}
  m_RootOrder: 7
  m_LocalEulerAnglesHint: {x: -9.989, y: 4.007, z: -15.099001}
--- !u!23 &1518441269
MeshRenderer:
  m_ObjectHideFlags: 0
  m_CorrespondingSourceObject: {fileID: 0}
  m_PrefabInstance: {fileID: 0}
  m_PrefabAsset: {fileID: 0}
  m_GameObject: {fileID: 1518441267}
  m_Enabled: 1
  m_CastShadows: 1
  m_ReceiveShadows: 1
  m_DynamicOccludee: 1
  m_MotionVectors: 1
  m_LightProbeUsage: 1
  m_ReflectionProbeUsage: 1
  m_RenderingLayerMask: 1
  m_RendererPriority: 0
  m_Materials:
  - {fileID: 5561349426305759274, guid: c26c1d37dcc133d478a23ecc479579c2, type: 3}
  m_StaticBatchInfo:
    firstSubMesh: 0
    subMeshCount: 0
  m_StaticBatchRoot: {fileID: 0}
  m_ProbeAnchor: {fileID: 0}
  m_LightProbeVolumeOverride: {fileID: 0}
  m_ScaleInLightmap: 1
  m_PreserveUVs: 0
  m_IgnoreNormalsForChartDetection: 0
  m_ImportantGI: 0
  m_StitchLightmapSeams: 1
  m_SelectedEditorRenderState: 3
  m_MinimumChartSize: 4
  m_AutoUVMaxDistance: 0.5
  m_AutoUVMaxAngle: 89
  m_LightmapParameters: {fileID: 0}
  m_SortingLayerID: 0
  m_SortingLayer: 0
  m_SortingOrder: 0
--- !u!33 &1518441270
MeshFilter:
  m_ObjectHideFlags: 0
  m_CorrespondingSourceObject: {fileID: 0}
  m_PrefabInstance: {fileID: 0}
  m_PrefabAsset: {fileID: 0}
  m_GameObject: {fileID: 1518441267}
  m_Mesh: {fileID: -7744857512090677479, guid: c26c1d37dcc133d478a23ecc479579c2, type: 3}
--- !u!1001 &1535030429
PrefabInstance:
  m_ObjectHideFlags: 0
  serializedVersion: 2
  m_Modification:
    m_TransformParent: {fileID: 0}
    m_Modifications:
    - target: {fileID: 172414682778374054, guid: 10e512887d27640d185f4ec936afa95d,
        type: 3}
      propertyPath: m_Name
      value: Player
      objectReference: {fileID: 0}
    - target: {fileID: 172414682778374074, guid: 10e512887d27640d185f4ec936afa95d,
        type: 3}
      propertyPath: m_LocalPosition.x
      value: 254.27597
      objectReference: {fileID: 0}
    - target: {fileID: 172414682778374074, guid: 10e512887d27640d185f4ec936afa95d,
        type: 3}
      propertyPath: m_LocalPosition.y
      value: 0.65
      objectReference: {fileID: 0}
    - target: {fileID: 172414682778374074, guid: 10e512887d27640d185f4ec936afa95d,
        type: 3}
      propertyPath: m_LocalPosition.z
      value: 245.4516
      objectReference: {fileID: 0}
    - target: {fileID: 172414682778374074, guid: 10e512887d27640d185f4ec936afa95d,
        type: 3}
      propertyPath: m_LocalRotation.x
      value: 0
      objectReference: {fileID: 0}
    - target: {fileID: 172414682778374074, guid: 10e512887d27640d185f4ec936afa95d,
        type: 3}
      propertyPath: m_LocalRotation.y
      value: 0
      objectReference: {fileID: 0}
    - target: {fileID: 172414682778374074, guid: 10e512887d27640d185f4ec936afa95d,
        type: 3}
      propertyPath: m_LocalRotation.z
      value: 0
      objectReference: {fileID: 0}
    - target: {fileID: 172414682778374074, guid: 10e512887d27640d185f4ec936afa95d,
        type: 3}
      propertyPath: m_LocalRotation.w
      value: 1
      objectReference: {fileID: 0}
    - target: {fileID: 172414682778374074, guid: 10e512887d27640d185f4ec936afa95d,
        type: 3}
      propertyPath: m_RootOrder
      value: 3
      objectReference: {fileID: 0}
    - target: {fileID: 172414682778374074, guid: 10e512887d27640d185f4ec936afa95d,
        type: 3}
      propertyPath: m_LocalEulerAnglesHint.x
      value: 0
      objectReference: {fileID: 0}
    - target: {fileID: 172414682778374074, guid: 10e512887d27640d185f4ec936afa95d,
        type: 3}
      propertyPath: m_LocalEulerAnglesHint.y
      value: 0
      objectReference: {fileID: 0}
    - target: {fileID: 172414682778374074, guid: 10e512887d27640d185f4ec936afa95d,
        type: 3}
      propertyPath: m_LocalEulerAnglesHint.z
      value: 0
      objectReference: {fileID: 0}
    - target: {fileID: 7217741758571651780, guid: 10e512887d27640d185f4ec936afa95d,
        type: 3}
      propertyPath: m_LocalPosition.x
      value: -15.786569
      objectReference: {fileID: 0}
    - target: {fileID: 7217741758571651780, guid: 10e512887d27640d185f4ec936afa95d,
        type: 3}
      propertyPath: m_LocalPosition.z
      value: -9.352539
      objectReference: {fileID: 0}
    - target: {fileID: 4469309484193638733, guid: 10e512887d27640d185f4ec936afa95d,
        type: 3}
      propertyPath: m_LocalRotation.x
      value: 0.48962876
      objectReference: {fileID: 0}
    - target: {fileID: 4469309484193638733, guid: 10e512887d27640d185f4ec936afa95d,
        type: 3}
      propertyPath: m_LocalRotation.y
      value: 0.33517757
      objectReference: {fileID: 0}
    - target: {fileID: 4469309484193638733, guid: 10e512887d27640d185f4ec936afa95d,
        type: 3}
      propertyPath: m_LocalRotation.z
      value: -0.21129307
      objectReference: {fileID: 0}
    - target: {fileID: 4469309484193638733, guid: 10e512887d27640d185f4ec936afa95d,
        type: 3}
      propertyPath: m_LocalRotation.w
      value: 0.77670777
      objectReference: {fileID: 0}
    - target: {fileID: 4469309484193638733, guid: 10e512887d27640d185f4ec936afa95d,
        type: 3}
      propertyPath: m_LocalPosition.x
      value: -6.7983484
      objectReference: {fileID: 0}
    - target: {fileID: 4469309484193638733, guid: 10e512887d27640d185f4ec936afa95d,
        type: 3}
      propertyPath: m_LocalPosition.z
      value: -1.9260869
      objectReference: {fileID: 0}
    - target: {fileID: 6201324554165337270, guid: 10e512887d27640d185f4ec936afa95d,
        type: 3}
      propertyPath: m_LocalRotation.x
      value: 0.115605965
      objectReference: {fileID: 0}
    - target: {fileID: 6201324554165337270, guid: 10e512887d27640d185f4ec936afa95d,
        type: 3}
      propertyPath: m_LocalRotation.y
      value: 0.4115818
      objectReference: {fileID: 0}
    - target: {fileID: 6201324554165337270, guid: 10e512887d27640d185f4ec936afa95d,
        type: 3}
      propertyPath: m_LocalRotation.z
      value: -0.05272332
      objectReference: {fileID: 0}
    - target: {fileID: 6201324554165337270, guid: 10e512887d27640d185f4ec936afa95d,
        type: 3}
      propertyPath: m_LocalRotation.w
      value: 0.90247214
      objectReference: {fileID: 0}
    - target: {fileID: 6201324554165337270, guid: 10e512887d27640d185f4ec936afa95d,
        type: 3}
      propertyPath: m_LocalPosition.y
      value: 0.0000009536743
      objectReference: {fileID: 0}
    - target: {fileID: 5122290653639806272, guid: 10e512887d27640d185f4ec936afa95d,
        type: 3}
      propertyPath: m_LocalRotation.x
      value: 0.039985735
      objectReference: {fileID: 0}
    - target: {fileID: 5122290653639806272, guid: 10e512887d27640d185f4ec936afa95d,
        type: 3}
      propertyPath: m_LocalRotation.y
      value: 0.41454408
      objectReference: {fileID: 0}
    - target: {fileID: 5122290653639806272, guid: 10e512887d27640d185f4ec936afa95d,
        type: 3}
      propertyPath: m_LocalRotation.z
      value: -0.018235743
      objectReference: {fileID: 0}
    - target: {fileID: 5122290653639806272, guid: 10e512887d27640d185f4ec936afa95d,
        type: 3}
      propertyPath: m_LocalRotation.w
      value: 0.90896744
      objectReference: {fileID: 0}
    - target: {fileID: 5122290653639806272, guid: 10e512887d27640d185f4ec936afa95d,
        type: 3}
      propertyPath: m_LocalPosition.y
      value: 0.0000009536743
      objectReference: {fileID: 0}
    - target: {fileID: 7078356645763478000, guid: 10e512887d27640d185f4ec936afa95d,
        type: 3}
      propertyPath: m_LocalRotation.x
      value: 0.007897475
      objectReference: {fileID: 0}
    - target: {fileID: 7078356645763478000, guid: 10e512887d27640d185f4ec936afa95d,
        type: 3}
      propertyPath: m_LocalRotation.y
      value: 0.41492936
      objectReference: {fileID: 0}
    - target: {fileID: 7078356645763478000, guid: 10e512887d27640d185f4ec936afa95d,
        type: 3}
      propertyPath: m_LocalRotation.z
      value: -0.003601665
      objectReference: {fileID: 0}
    - target: {fileID: 7078356645763478000, guid: 10e512887d27640d185f4ec936afa95d,
        type: 3}
      propertyPath: m_LocalRotation.w
      value: 0.9098123
      objectReference: {fileID: 0}
    - target: {fileID: 7078356645763478000, guid: 10e512887d27640d185f4ec936afa95d,
        type: 3}
      propertyPath: m_LocalPosition.y
      value: 0.0000009536743
      objectReference: {fileID: 0}
    m_RemovedComponents: []
  m_SourcePrefab: {fileID: 100100000, guid: 10e512887d27640d185f4ec936afa95d, type: 3}
--- !u!1001 &1600175029
PrefabInstance:
  m_ObjectHideFlags: 0
  serializedVersion: 2
  m_Modification:
    m_TransformParent: {fileID: 0}
    m_Modifications:
    - target: {fileID: -927199367670048503, guid: c418b93cd908439438dad6c277cbd4cd,
        type: 3}
      propertyPath: m_Name
      value: rockSet_medium (1)
      objectReference: {fileID: 0}
    - target: {fileID: -4216859302048453862, guid: c418b93cd908439438dad6c277cbd4cd,
        type: 3}
      propertyPath: m_LocalPosition.x
      value: 326.2605
      objectReference: {fileID: 0}
    - target: {fileID: -4216859302048453862, guid: c418b93cd908439438dad6c277cbd4cd,
        type: 3}
      propertyPath: m_LocalPosition.y
      value: 8.1354
      objectReference: {fileID: 0}
    - target: {fileID: -4216859302048453862, guid: c418b93cd908439438dad6c277cbd4cd,
        type: 3}
      propertyPath: m_LocalPosition.z
      value: 365.68588
      objectReference: {fileID: 0}
    - target: {fileID: -4216859302048453862, guid: c418b93cd908439438dad6c277cbd4cd,
        type: 3}
      propertyPath: m_LocalRotation.x
      value: 0
      objectReference: {fileID: 0}
    - target: {fileID: -4216859302048453862, guid: c418b93cd908439438dad6c277cbd4cd,
        type: 3}
      propertyPath: m_LocalRotation.y
      value: -0
      objectReference: {fileID: 0}
    - target: {fileID: -4216859302048453862, guid: c418b93cd908439438dad6c277cbd4cd,
        type: 3}
      propertyPath: m_LocalRotation.z
      value: -0
      objectReference: {fileID: 0}
    - target: {fileID: -4216859302048453862, guid: c418b93cd908439438dad6c277cbd4cd,
        type: 3}
      propertyPath: m_LocalRotation.w
      value: 1
      objectReference: {fileID: 0}
    - target: {fileID: -4216859302048453862, guid: c418b93cd908439438dad6c277cbd4cd,
        type: 3}
      propertyPath: m_RootOrder
      value: 1
      objectReference: {fileID: 0}
    - target: {fileID: -4216859302048453862, guid: c418b93cd908439438dad6c277cbd4cd,
        type: 3}
      propertyPath: m_LocalEulerAnglesHint.x
      value: 0
      objectReference: {fileID: 0}
    - target: {fileID: -4216859302048453862, guid: c418b93cd908439438dad6c277cbd4cd,
        type: 3}
      propertyPath: m_LocalEulerAnglesHint.y
      value: 0
      objectReference: {fileID: 0}
    - target: {fileID: -4216859302048453862, guid: c418b93cd908439438dad6c277cbd4cd,
        type: 3}
      propertyPath: m_LocalEulerAnglesHint.z
      value: 0
      objectReference: {fileID: 0}
    m_RemovedComponents: []
  m_SourcePrefab: {fileID: 100100000, guid: c418b93cd908439438dad6c277cbd4cd, type: 3}
--- !u!1 &1621214426
GameObject:
  m_ObjectHideFlags: 0
  m_CorrespondingSourceObject: {fileID: 0}
  m_PrefabInstance: {fileID: 0}
  m_PrefabAsset: {fileID: 0}
  serializedVersion: 6
  m_Component:
  - component: {fileID: 1621214427}
  m_Layer: 0
  m_Name: Terrain Group
  m_TagString: Untagged
  m_Icon: {fileID: 0}
  m_NavMeshLayer: 0
  m_StaticEditorFlags: 0
  m_IsActive: 1
--- !u!4 &1621214427
Transform:
  m_ObjectHideFlags: 0
  m_CorrespondingSourceObject: {fileID: 0}
  m_PrefabInstance: {fileID: 0}
  m_PrefabAsset: {fileID: 0}
  m_GameObject: {fileID: 1621214426}
  m_LocalRotation: {x: 0, y: 0, z: 0, w: 1}
  m_LocalPosition: {x: 100.783325, y: -1.0352198, z: 109.293335}
  m_LocalScale: {x: 1, y: 1, z: 1}
  m_Children:
  - {fileID: 541883939}
  - {fileID: 1919793574537971834}
  - {fileID: 1762714453}
  m_Father: {fileID: 0}
  m_RootOrder: 5
  m_LocalEulerAnglesHint: {x: 0, y: 0, z: 0}
--- !u!1 &1636965330
GameObject:
  m_ObjectHideFlags: 0
  m_CorrespondingSourceObject: {fileID: 0}
  m_PrefabInstance: {fileID: 0}
  m_PrefabAsset: {fileID: 0}
  serializedVersion: 6
  m_Component:
  - component: {fileID: 1636965333}
  - component: {fileID: 1636965332}
  - component: {fileID: 1636965331}
  m_Layer: 0
  m_Name: Terrain
  m_TagString: Untagged
  m_Icon: {fileID: 0}
  m_NavMeshLayer: 0
  m_StaticEditorFlags: 4294967295
  m_IsActive: 1
--- !u!154 &1636965331
TerrainCollider:
  m_ObjectHideFlags: 0
  m_CorrespondingSourceObject: {fileID: 0}
  m_PrefabInstance: {fileID: 0}
  m_PrefabAsset: {fileID: 0}
  m_GameObject: {fileID: 1636965330}
  m_Material: {fileID: 0}
  m_Enabled: 1
  m_TerrainData: {fileID: 15600000, guid: 3767881663da2424b9d40f5e8f1736c4, type: 2}
  m_EnableTreeColliders: 1
--- !u!218 &1636965332
Terrain:
  m_ObjectHideFlags: 0
  m_CorrespondingSourceObject: {fileID: 0}
  m_PrefabInstance: {fileID: 0}
  m_PrefabAsset: {fileID: 0}
  m_GameObject: {fileID: 1636965330}
  m_Enabled: 1
  serializedVersion: 4
  m_TerrainData: {fileID: 15600000, guid: 3767881663da2424b9d40f5e8f1736c4, type: 2}
  m_TreeDistance: 5000
  m_TreeBillboardDistance: 50
  m_TreeCrossFadeLength: 5
  m_TreeMaximumFullLODCount: 50
  m_DetailObjectDistance: 80
  m_DetailObjectDensity: 1
  m_HeightmapPixelError: 5
  m_SplatMapDistance: 1000
  m_HeightmapMaximumLOD: 0
  m_ShadowCastingMode: 2
  m_DrawHeightmap: 1
  m_DrawInstanced: 0
  m_DrawTreesAndFoliage: 1
  m_ReflectionProbeUsage: 1
  m_MaterialType: 0
  m_LegacySpecular:
    serializedVersion: 2
    rgba: 4286545791
  m_LegacyShininess: 0.078125
  m_MaterialTemplate: {fileID: 0}
  m_BakeLightProbesForTrees: 1
  m_PreserveTreePrototypeLayers: 0
  m_DeringLightProbesForTrees: 1
  m_ScaleInLightmap: 0.0256
  m_LightmapParameters: {fileID: 15203, guid: 0000000000000000f000000000000000, type: 0}
  m_GroupingID: 0
  m_AllowAutoConnect: 1
--- !u!4 &1636965333
Transform:
  m_ObjectHideFlags: 0
  m_CorrespondingSourceObject: {fileID: 0}
  m_PrefabInstance: {fileID: 0}
  m_PrefabAsset: {fileID: 0}
  m_GameObject: {fileID: 1636965330}
  m_LocalRotation: {x: 0, y: 0, z: 0, w: 1}
  m_LocalPosition: {x: 335, y: -2.75, z: -207}
  m_LocalScale: {x: 1, y: 1, z: 1}
  m_Children: []
  m_Father: {fileID: 0}
  m_RootOrder: 6
  m_LocalEulerAnglesHint: {x: 0, y: 0, z: 0}
--- !u!1 &1714852188
GameObject:
  m_ObjectHideFlags: 0
  m_CorrespondingSourceObject: {fileID: 0}
  m_PrefabInstance: {fileID: 0}
  m_PrefabAsset: {fileID: 0}
  serializedVersion: 6
  m_Component:
  - component: {fileID: 1714852189}
  - component: {fileID: 1714852191}
  - component: {fileID: 1714852190}
  m_Layer: 0
  m_Name: geo_pole_2 (1)
  m_TagString: Untagged
  m_Icon: {fileID: 0}
  m_NavMeshLayer: 0
  m_StaticEditorFlags: 0
  m_IsActive: 1
--- !u!4 &1714852189
Transform:
  m_ObjectHideFlags: 0
  m_CorrespondingSourceObject: {fileID: 0}
  m_PrefabInstance: {fileID: 0}
  m_PrefabAsset: {fileID: 0}
  m_GameObject: {fileID: 1714852188}
  m_LocalRotation: {x: -0.010168926, y: 0.28693402, z: -0.13951024, w: 0.9476826}
  m_LocalPosition: {x: -15.709, y: -0.056, z: 17.507}
  m_LocalScale: {x: 1, y: 1, z: 1}
  m_Children: []
  m_Father: {fileID: 541883939}
  m_RootOrder: 5
  m_LocalEulerAnglesHint: {x: 3.4850001, y: 33.209003, z: -15.709001}
--- !u!23 &1714852190
MeshRenderer:
  m_ObjectHideFlags: 0
  m_CorrespondingSourceObject: {fileID: 0}
  m_PrefabInstance: {fileID: 0}
  m_PrefabAsset: {fileID: 0}
  m_GameObject: {fileID: 1714852188}
  m_Enabled: 1
  m_CastShadows: 1
  m_ReceiveShadows: 1
  m_DynamicOccludee: 1
  m_MotionVectors: 1
  m_LightProbeUsage: 1
  m_ReflectionProbeUsage: 1
  m_RenderingLayerMask: 1
  m_RendererPriority: 0
  m_Materials:
  - {fileID: 5561349426305759274, guid: c26c1d37dcc133d478a23ecc479579c2, type: 3}
  m_StaticBatchInfo:
    firstSubMesh: 0
    subMeshCount: 0
  m_StaticBatchRoot: {fileID: 0}
  m_ProbeAnchor: {fileID: 0}
  m_LightProbeVolumeOverride: {fileID: 0}
  m_ScaleInLightmap: 1
  m_PreserveUVs: 0
  m_IgnoreNormalsForChartDetection: 0
  m_ImportantGI: 0
  m_StitchLightmapSeams: 1
  m_SelectedEditorRenderState: 3
  m_MinimumChartSize: 4
  m_AutoUVMaxDistance: 0.5
  m_AutoUVMaxAngle: 89
  m_LightmapParameters: {fileID: 0}
  m_SortingLayerID: 0
  m_SortingLayer: 0
  m_SortingOrder: 0
--- !u!33 &1714852191
MeshFilter:
  m_ObjectHideFlags: 0
  m_CorrespondingSourceObject: {fileID: 0}
  m_PrefabInstance: {fileID: 0}
  m_PrefabAsset: {fileID: 0}
  m_GameObject: {fileID: 1714852188}
  m_Mesh: {fileID: 3665440024848071665, guid: c26c1d37dcc133d478a23ecc479579c2, type: 3}
--- !u!1 &1762714449
GameObject:
  m_ObjectHideFlags: 0
  m_CorrespondingSourceObject: {fileID: 0}
  m_PrefabInstance: {fileID: 0}
  m_PrefabAsset: {fileID: 0}
  serializedVersion: 6
  m_Component:
  - component: {fileID: 1762714453}
  - component: {fileID: 1762714452}
  - component: {fileID: 1762714451}
  - component: {fileID: 1762714450}
  m_Layer: 0
  m_Name: Terrain
  m_TagString: Untagged
  m_Icon: {fileID: 0}
  m_NavMeshLayer: 0
  m_StaticEditorFlags: 4294967295
  m_IsActive: 1
--- !u!114 &1762714450
MonoBehaviour:
  m_ObjectHideFlags: 0
  m_CorrespondingSourceObject: {fileID: 0}
  m_PrefabInstance: {fileID: 0}
  m_PrefabAsset: {fileID: 0}
  m_GameObject: {fileID: 1762714449}
  m_Enabled: 1
  m_EditorHideFlags: 0
  m_Script: {fileID: 11500000, guid: 0b5fe411f65254d6bb208d31f7dac6ac, type: 3}
  m_Name: 
  m_EditorClassIdentifier: 
  blurRadius: 1
--- !u!154 &1762714451
TerrainCollider:
  m_ObjectHideFlags: 0
  m_CorrespondingSourceObject: {fileID: 0}
  m_PrefabInstance: {fileID: 0}
  m_PrefabAsset: {fileID: 0}
  m_GameObject: {fileID: 1762714449}
  m_Material: {fileID: 0}
  m_Enabled: 1
  m_TerrainData: {fileID: 15600000, guid: aa1180dcf3eb4a54d8d79e1d0509eff9, type: 2}
  m_EnableTreeColliders: 1
--- !u!218 &1762714452
Terrain:
  m_ObjectHideFlags: 0
  m_CorrespondingSourceObject: {fileID: 0}
  m_PrefabInstance: {fileID: 0}
  m_PrefabAsset: {fileID: 0}
  m_GameObject: {fileID: 1762714449}
  m_Enabled: 1
  serializedVersion: 4
  m_TerrainData: {fileID: 15600000, guid: aa1180dcf3eb4a54d8d79e1d0509eff9, type: 2}
  m_TreeDistance: 5000
  m_TreeBillboardDistance: 50
  m_TreeCrossFadeLength: 5
  m_TreeMaximumFullLODCount: 50
  m_DetailObjectDistance: 80
  m_DetailObjectDensity: 1
  m_HeightmapPixelError: 5
  m_SplatMapDistance: 1000
  m_HeightmapMaximumLOD: 0
  m_ShadowCastingMode: 2
  m_DrawHeightmap: 1
  m_DrawInstanced: 0
  m_DrawTreesAndFoliage: 1
  m_ReflectionProbeUsage: 1
  m_MaterialType: 0
  m_LegacySpecular:
    serializedVersion: 2
    rgba: 4286545791
  m_LegacyShininess: 0.078125
  m_MaterialTemplate: {fileID: 0}
  m_BakeLightProbesForTrees: 1
  m_PreserveTreePrototypeLayers: 0
  m_DeringLightProbesForTrees: 1
  m_ScaleInLightmap: 0.0256
  m_LightmapParameters: {fileID: 15203, guid: 0000000000000000f000000000000000, type: 0}
  m_GroupingID: 0
  m_AllowAutoConnect: 1
--- !u!4 &1762714453
Transform:
  m_ObjectHideFlags: 0
  m_CorrespondingSourceObject: {fileID: 0}
  m_PrefabInstance: {fileID: 0}
  m_PrefabAsset: {fileID: 0}
  m_GameObject: {fileID: 1762714449}
  m_LocalRotation: {x: -0, y: -0, z: -0, w: 1}
  m_LocalPosition: {x: 117.3, y: -12.9, z: 115.5}
  m_LocalScale: {x: 100240, y: -100240, z: -100240}
  m_Children: []
  m_Father: {fileID: 1621214427}
  m_RootOrder: 2
  m_LocalEulerAnglesHint: {x: 0, y: 0, z: 0}
--- !u!1001 &1787688382
PrefabInstance:
  m_ObjectHideFlags: 0
  serializedVersion: 2
  m_Modification:
    m_TransformParent: {fileID: 0}
    m_Modifications:
    - target: {fileID: 3627831477233620538, guid: 7b4da27a096f4744889bf8db32089bc1,
        type: 3}
      propertyPath: m_Name
      value: rockSet_medium
      objectReference: {fileID: 0}
    - target: {fileID: 289352260380222505, guid: 7b4da27a096f4744889bf8db32089bc1,
        type: 3}
      propertyPath: m_LocalPosition.x
      value: 292.52222
      objectReference: {fileID: 0}
    - target: {fileID: 289352260380222505, guid: 7b4da27a096f4744889bf8db32089bc1,
        type: 3}
      propertyPath: m_LocalPosition.y
      value: 5.9220486
      objectReference: {fileID: 0}
    - target: {fileID: 289352260380222505, guid: 7b4da27a096f4744889bf8db32089bc1,
        type: 3}
      propertyPath: m_LocalPosition.z
      value: 332.8
      objectReference: {fileID: 0}
    - target: {fileID: 289352260380222505, guid: 7b4da27a096f4744889bf8db32089bc1,
        type: 3}
      propertyPath: m_LocalRotation.x
      value: 0
      objectReference: {fileID: 0}
    - target: {fileID: 289352260380222505, guid: 7b4da27a096f4744889bf8db32089bc1,
        type: 3}
      propertyPath: m_LocalRotation.y
      value: -0
      objectReference: {fileID: 0}
    - target: {fileID: 289352260380222505, guid: 7b4da27a096f4744889bf8db32089bc1,
        type: 3}
      propertyPath: m_LocalRotation.z
      value: -0
      objectReference: {fileID: 0}
    - target: {fileID: 289352260380222505, guid: 7b4da27a096f4744889bf8db32089bc1,
        type: 3}
      propertyPath: m_LocalRotation.w
      value: 1
      objectReference: {fileID: 0}
    - target: {fileID: 289352260380222505, guid: 7b4da27a096f4744889bf8db32089bc1,
        type: 3}
      propertyPath: m_RootOrder
      value: 2
      objectReference: {fileID: 0}
    - target: {fileID: 289352260380222505, guid: 7b4da27a096f4744889bf8db32089bc1,
        type: 3}
      propertyPath: m_LocalEulerAnglesHint.x
      value: 0
      objectReference: {fileID: 0}
    - target: {fileID: 289352260380222505, guid: 7b4da27a096f4744889bf8db32089bc1,
        type: 3}
      propertyPath: m_LocalEulerAnglesHint.y
      value: 0
      objectReference: {fileID: 0}
    - target: {fileID: 289352260380222505, guid: 7b4da27a096f4744889bf8db32089bc1,
        type: 3}
      propertyPath: m_LocalEulerAnglesHint.z
      value: 0
      objectReference: {fileID: 0}
    - target: {fileID: 4010449966372277044, guid: 7b4da27a096f4744889bf8db32089bc1,
        type: 3}
      propertyPath: m_IsActive
      value: 1
      objectReference: {fileID: 0}
    m_RemovedComponents: []
  m_SourcePrefab: {fileID: 100100000, guid: 7b4da27a096f4744889bf8db32089bc1, type: 3}
--- !u!1 &1832607462
GameObject:
  m_ObjectHideFlags: 0
  m_CorrespondingSourceObject: {fileID: 0}
  m_PrefabInstance: {fileID: 0}
  m_PrefabAsset: {fileID: 0}
  serializedVersion: 6
  m_Component:
  - component: {fileID: 1832607465}
  - component: {fileID: 1832607464}
  - component: {fileID: 1832607463}
  m_Layer: 0
  m_Name: Terrain (2)
  m_TagString: Untagged
  m_Icon: {fileID: 0}
  m_NavMeshLayer: 0
  m_StaticEditorFlags: 4294967295
  m_IsActive: 1
--- !u!154 &1832607463
TerrainCollider:
  m_ObjectHideFlags: 0
  m_CorrespondingSourceObject: {fileID: 0}
  m_PrefabInstance: {fileID: 0}
  m_PrefabAsset: {fileID: 0}
  m_GameObject: {fileID: 1832607462}
  m_Material: {fileID: 0}
  m_Enabled: 1
  m_TerrainData: {fileID: 15600000, guid: 3767881663da2424b9d40f5e8f1736c4, type: 2}
  m_EnableTreeColliders: 1
--- !u!218 &1832607464
Terrain:
  m_ObjectHideFlags: 0
  m_CorrespondingSourceObject: {fileID: 0}
  m_PrefabInstance: {fileID: 0}
  m_PrefabAsset: {fileID: 0}
  m_GameObject: {fileID: 1832607462}
  m_Enabled: 1
  serializedVersion: 4
  m_TerrainData: {fileID: 15600000, guid: 3767881663da2424b9d40f5e8f1736c4, type: 2}
  m_TreeDistance: 5000
  m_TreeBillboardDistance: 50
  m_TreeCrossFadeLength: 5
  m_TreeMaximumFullLODCount: 50
  m_DetailObjectDistance: 80
  m_DetailObjectDensity: 1
  m_HeightmapPixelError: 5
  m_SplatMapDistance: 1000
  m_HeightmapMaximumLOD: 0
  m_ShadowCastingMode: 2
  m_DrawHeightmap: 1
  m_DrawInstanced: 0
  m_DrawTreesAndFoliage: 1
  m_ReflectionProbeUsage: 1
  m_MaterialType: 0
  m_LegacySpecular:
    serializedVersion: 2
    rgba: 4286545791
  m_LegacyShininess: 0.078125
  m_MaterialTemplate: {fileID: 0}
  m_BakeLightProbesForTrees: 1
  m_PreserveTreePrototypeLayers: 0
  m_DeringLightProbesForTrees: 1
  m_ScaleInLightmap: 0.0256
  m_LightmapParameters: {fileID: 15203, guid: 0000000000000000f000000000000000, type: 0}
  m_GroupingID: 0
  m_AllowAutoConnect: 1
--- !u!4 &1832607465
Transform:
  m_ObjectHideFlags: 0
  m_CorrespondingSourceObject: {fileID: 0}
  m_PrefabInstance: {fileID: 0}
  m_PrefabAsset: {fileID: 0}
  m_GameObject: {fileID: 1832607462}
  m_LocalRotation: {x: 0, y: 0, z: 0, w: 1}
  m_LocalPosition: {x: -197, y: -2.75, z: 343}
  m_LocalScale: {x: 1, y: 1, z: 1}
  m_Children: []
  m_Father: {fileID: 0}
  m_RootOrder: 8
  m_LocalEulerAnglesHint: {x: 0, y: 0, z: 0}
--- !u!1 &1876880328
GameObject:
  m_ObjectHideFlags: 0
  m_CorrespondingSourceObject: {fileID: 0}
  m_PrefabInstance: {fileID: 0}
  m_PrefabAsset: {fileID: 0}
  serializedVersion: 6
  m_Component:
  - component: {fileID: 1876880329}
  - component: {fileID: 1876880331}
  - component: {fileID: 1876880330}
  m_Layer: 0
  m_Name: geo_pole_3 (1)
  m_TagString: Untagged
  m_Icon: {fileID: 0}
  m_NavMeshLayer: 0
  m_StaticEditorFlags: 0
  m_IsActive: 1
--- !u!4 &1876880329
Transform:
  m_ObjectHideFlags: 0
  m_CorrespondingSourceObject: {fileID: 0}
  m_PrefabInstance: {fileID: 0}
  m_PrefabAsset: {fileID: 0}
  m_GameObject: {fileID: 1876880328}
  m_LocalRotation: {x: -0.0064211395, y: 0.14358412, z: 0.022305632, w: 0.9893659}
  m_LocalPosition: {x: -16.772, y: -0.337, z: 18.342}
  m_LocalScale: {x: 1, y: 1, z: 1}
  m_Children: []
  m_Father: {fileID: 541883939}
  m_RootOrder: 6
  m_LocalEulerAnglesHint: {x: -1.095, y: 16.492, z: 2.424}
--- !u!23 &1876880330
MeshRenderer:
  m_ObjectHideFlags: 0
  m_CorrespondingSourceObject: {fileID: 0}
  m_PrefabInstance: {fileID: 0}
  m_PrefabAsset: {fileID: 0}
  m_GameObject: {fileID: 1876880328}
  m_Enabled: 1
  m_CastShadows: 1
  m_ReceiveShadows: 1
  m_DynamicOccludee: 1
  m_MotionVectors: 1
  m_LightProbeUsage: 1
  m_ReflectionProbeUsage: 1
  m_RenderingLayerMask: 1
  m_RendererPriority: 0
  m_Materials:
  - {fileID: 5561349426305759274, guid: c26c1d37dcc133d478a23ecc479579c2, type: 3}
  m_StaticBatchInfo:
    firstSubMesh: 0
    subMeshCount: 0
  m_StaticBatchRoot: {fileID: 0}
  m_ProbeAnchor: {fileID: 0}
  m_LightProbeVolumeOverride: {fileID: 0}
  m_ScaleInLightmap: 1
  m_PreserveUVs: 0
  m_IgnoreNormalsForChartDetection: 0
  m_ImportantGI: 0
  m_StitchLightmapSeams: 1
  m_SelectedEditorRenderState: 3
  m_MinimumChartSize: 4
  m_AutoUVMaxDistance: 0.5
  m_AutoUVMaxAngle: 89
  m_LightmapParameters: {fileID: 0}
  m_SortingLayerID: 0
  m_SortingLayer: 0
  m_SortingOrder: 0
--- !u!33 &1876880331
MeshFilter:
  m_ObjectHideFlags: 0
  m_CorrespondingSourceObject: {fileID: 0}
  m_PrefabInstance: {fileID: 0}
  m_PrefabAsset: {fileID: 0}
  m_GameObject: {fileID: 1876880328}
  m_Mesh: {fileID: 9163661564185112492, guid: c26c1d37dcc133d478a23ecc479579c2, type: 3}
--- !u!1 &1947141241
GameObject:
  m_ObjectHideFlags: 0
  m_CorrespondingSourceObject: {fileID: 0}
  m_PrefabInstance: {fileID: 0}
  m_PrefabAsset: {fileID: 0}
  serializedVersion: 6
  m_Component:
  - component: {fileID: 1947141242}
  - component: {fileID: 1947141244}
  - component: {fileID: 1947141243}
  m_Layer: 0
  m_Name: geo_rock_19 (9)
  m_TagString: Untagged
  m_Icon: {fileID: 0}
  m_NavMeshLayer: 0
  m_StaticEditorFlags: 0
  m_IsActive: 1
--- !u!4 &1947141242
Transform:
  m_ObjectHideFlags: 0
  m_CorrespondingSourceObject: {fileID: 0}
  m_PrefabInstance: {fileID: 0}
  m_PrefabAsset: {fileID: 0}
  m_GameObject: {fileID: 1947141241}
  m_LocalRotation: {x: 0.091526374, y: -0.99474454, z: -0.010349742, w: -0.04471294}
  m_LocalPosition: {x: -218.1, y: 6.949998, z: -78.06996}
  m_LocalScale: {x: 1, y: 1, z: 1}
  m_Children: []
  m_Father: {fileID: 1919793574537971834}
  m_RootOrder: 2
  m_LocalEulerAnglesHint: {x: -1.649, y: -184.997, z: -10.442}
--- !u!23 &1947141243
MeshRenderer:
  m_ObjectHideFlags: 0
  m_CorrespondingSourceObject: {fileID: 0}
  m_PrefabInstance: {fileID: 0}
  m_PrefabAsset: {fileID: 0}
  m_GameObject: {fileID: 1947141241}
  m_Enabled: 1
  m_CastShadows: 1
  m_ReceiveShadows: 1
  m_DynamicOccludee: 1
  m_MotionVectors: 1
  m_LightProbeUsage: 1
  m_ReflectionProbeUsage: 1
  m_RenderingLayerMask: 1
  m_RendererPriority: 0
  m_Materials:
  - {fileID: 5561349426305759274, guid: c418b93cd908439438dad6c277cbd4cd, type: 3}
  m_StaticBatchInfo:
    firstSubMesh: 0
    subMeshCount: 0
  m_StaticBatchRoot: {fileID: 0}
  m_ProbeAnchor: {fileID: 0}
  m_LightProbeVolumeOverride: {fileID: 0}
  m_ScaleInLightmap: 1
  m_PreserveUVs: 0
  m_IgnoreNormalsForChartDetection: 0
  m_ImportantGI: 0
  m_StitchLightmapSeams: 1
  m_SelectedEditorRenderState: 3
  m_MinimumChartSize: 4
  m_AutoUVMaxDistance: 0.5
  m_AutoUVMaxAngle: 89
  m_LightmapParameters: {fileID: 0}
  m_SortingLayerID: 0
  m_SortingLayer: 0
  m_SortingOrder: 0
--- !u!33 &1947141244
MeshFilter:
  m_ObjectHideFlags: 0
  m_CorrespondingSourceObject: {fileID: 0}
  m_PrefabInstance: {fileID: 0}
  m_PrefabAsset: {fileID: 0}
  m_GameObject: {fileID: 1947141241}
  m_Mesh: {fileID: 7983335800634214056, guid: c418b93cd908439438dad6c277cbd4cd, type: 3}
--- !u!1 &2082707850
GameObject:
  m_ObjectHideFlags: 0
  m_CorrespondingSourceObject: {fileID: 0}
  m_PrefabInstance: {fileID: 0}
  m_PrefabAsset: {fileID: 0}
  serializedVersion: 6
  m_Component:
  - component: {fileID: 2082707853}
  - component: {fileID: 2082707852}
  - component: {fileID: 2082707851}
  - component: {fileID: 2082707854}
  m_Layer: 0
  m_Name: Main Camera
  m_TagString: MainCamera
  m_Icon: {fileID: 0}
  m_NavMeshLayer: 0
  m_StaticEditorFlags: 0
  m_IsActive: 1
--- !u!81 &2082707851
AudioListener:
  m_ObjectHideFlags: 0
  m_CorrespondingSourceObject: {fileID: 0}
  m_PrefabInstance: {fileID: 0}
  m_PrefabAsset: {fileID: 0}
  m_GameObject: {fileID: 2082707850}
  m_Enabled: 1
--- !u!20 &2082707852
Camera:
  m_ObjectHideFlags: 0
  m_CorrespondingSourceObject: {fileID: 0}
  m_PrefabInstance: {fileID: 0}
  m_PrefabAsset: {fileID: 0}
  m_GameObject: {fileID: 2082707850}
  m_Enabled: 1
  serializedVersion: 2
  m_ClearFlags: 1
  m_BackGroundColor: {r: 0.19215687, g: 0.3019608, b: 0.4745098, a: 0}
  m_projectionMatrixMode: 1
  m_GateFitMode: 2
  m_FOVAxisMode: 0
  m_SensorSize: {x: 36, y: 24}
  m_LensShift: {x: 0, y: 0}
  m_FocalLength: 50
  m_NormalizedViewPortRect:
    serializedVersion: 2
    x: 0
    y: 0
    width: 1
    height: 1
  near clip plane: 1
  far clip plane: 80071
  field of view: 42
  orthographic: 0
  orthographic size: 5
  m_Depth: -1
  m_CullingMask:
    serializedVersion: 2
    m_Bits: 4294967295
  m_RenderingPath: -1
  m_TargetTexture: {fileID: 0}
  m_TargetDisplay: 0
  m_TargetEye: 3
  m_HDR: 1
  m_AllowMSAA: 1
  m_AllowDynamicResolution: 0
  m_ForceIntoRT: 0
  m_OcclusionCulling: 1
  m_StereoConvergence: 10
  m_StereoSeparation: 0.022
--- !u!4 &2082707853
Transform:
  m_ObjectHideFlags: 0
  m_CorrespondingSourceObject: {fileID: 0}
  m_PrefabInstance: {fileID: 0}
  m_PrefabAsset: {fileID: 0}
  m_GameObject: {fileID: 2082707850}
  m_LocalRotation: {x: 0.039985668, y: 0.41454408, z: -0.018235885, w: 0.90896744}
  m_LocalPosition: {x: 240.21652, y: 5.5, z: 233.24356}
  m_LocalScale: {x: 1, y: 1, z: 1}
  m_Children: []
  m_Father: {fileID: 0}
  m_RootOrder: 0
  m_LocalEulerAnglesHint: {x: 0, y: 0, z: 0}
--- !u!114 &2082707854
MonoBehaviour:
  m_ObjectHideFlags: 0
  m_CorrespondingSourceObject: {fileID: 0}
  m_PrefabInstance: {fileID: 0}
  m_PrefabAsset: {fileID: 0}
  m_GameObject: {fileID: 2082707850}
  m_Enabled: 1
  m_EditorHideFlags: 0
  m_Script: {fileID: 11500000, guid: 72ece51f2901e7445ab60da3685d6b5f, type: 3}
  m_Name: 
  m_EditorClassIdentifier: 
  m_ShowDebugText: 0
  m_ShowCameraFrustum: 1
  m_IgnoreTimeScale: 0
  m_WorldUpOverride: {fileID: 0}
  m_UpdateMethod: 2
  m_DefaultBlend:
    m_Style: 1
    m_Time: 2
    m_CustomCurve:
      serializedVersion: 2
      m_Curve: []
      m_PreInfinity: 2
      m_PostInfinity: 2
      m_RotationOrder: 4
  m_CustomBlends: {fileID: 0}
  m_CameraCutEvent:
    m_PersistentCalls:
      m_Calls: []
    m_TypeName: Cinemachine.CinemachineBrain+BrainEvent, Cinemachine, Version=0.0.0.0,
      Culture=neutral, PublicKeyToken=null
  m_CameraActivatedEvent:
    m_PersistentCalls:
      m_Calls: []
    m_TypeName: Cinemachine.CinemachineBrain+VcamActivatedEvent, Cinemachine, Version=0.0.0.0,
      Culture=neutral, PublicKeyToken=null
--- !u!1 &2082904863
GameObject:
  m_ObjectHideFlags: 0
  m_CorrespondingSourceObject: {fileID: 0}
  m_PrefabInstance: {fileID: 0}
  m_PrefabAsset: {fileID: 0}
  serializedVersion: 6
  m_Component:
  - component: {fileID: 2082904866}
  - component: {fileID: 2082904865}
  - component: {fileID: 2082904864}
  m_Layer: 0
  m_Name: Terrain (1)
  m_TagString: Untagged
  m_Icon: {fileID: 0}
  m_NavMeshLayer: 0
  m_StaticEditorFlags: 4294967295
  m_IsActive: 1
--- !u!154 &2082904864
TerrainCollider:
  m_ObjectHideFlags: 0
  m_CorrespondingSourceObject: {fileID: 0}
  m_PrefabInstance: {fileID: 0}
  m_PrefabAsset: {fileID: 0}
  m_GameObject: {fileID: 2082904863}
  m_Material: {fileID: 0}
  m_Enabled: 1
  m_TerrainData: {fileID: 15600000, guid: 3767881663da2424b9d40f5e8f1736c4, type: 2}
  m_EnableTreeColliders: 1
--- !u!218 &2082904865
Terrain:
  m_ObjectHideFlags: 0
  m_CorrespondingSourceObject: {fileID: 0}
  m_PrefabInstance: {fileID: 0}
  m_PrefabAsset: {fileID: 0}
  m_GameObject: {fileID: 2082904863}
  m_Enabled: 1
  serializedVersion: 4
  m_TerrainData: {fileID: 15600000, guid: 3767881663da2424b9d40f5e8f1736c4, type: 2}
  m_TreeDistance: 5000
  m_TreeBillboardDistance: 50
  m_TreeCrossFadeLength: 5
  m_TreeMaximumFullLODCount: 50
  m_DetailObjectDistance: 80
  m_DetailObjectDensity: 1
  m_HeightmapPixelError: 5
  m_SplatMapDistance: 1000
  m_HeightmapMaximumLOD: 0
  m_ShadowCastingMode: 2
  m_DrawHeightmap: 1
  m_DrawInstanced: 0
  m_DrawTreesAndFoliage: 1
  m_ReflectionProbeUsage: 1
  m_MaterialType: 0
  m_LegacySpecular:
    serializedVersion: 2
    rgba: 4286545791
  m_LegacyShininess: 0.078125
  m_MaterialTemplate: {fileID: 0}
  m_BakeLightProbesForTrees: 1
  m_PreserveTreePrototypeLayers: 0
  m_DeringLightProbesForTrees: 1
  m_ScaleInLightmap: 0.0256
  m_LightmapParameters: {fileID: 15203, guid: 0000000000000000f000000000000000, type: 0}
  m_GroupingID: 0
  m_AllowAutoConnect: 1
--- !u!4 &2082904866
Transform:
  m_ObjectHideFlags: 0
  m_CorrespondingSourceObject: {fileID: 0}
  m_PrefabInstance: {fileID: 0}
  m_PrefabAsset: {fileID: 0}
  m_GameObject: {fileID: 2082904863}
  m_LocalRotation: {x: 0, y: 0, z: 0, w: 1}
  m_LocalPosition: {x: -781.2, y: -2.75, z: -133.6}
  m_LocalScale: {x: 1, y: 1, z: 1}
  m_Children: []
  m_Father: {fileID: 0}
  m_RootOrder: 7
  m_LocalEulerAnglesHint: {x: 0, y: 0, z: 0}
--- !u!1001 &844800730467303811
PrefabInstance:
  m_ObjectHideFlags: 0
  serializedVersion: 2
  m_Modification:
    m_TransformParent: {fileID: 0}
    m_Modifications:
    - target: {fileID: 6778008081340038164, guid: b4f0cbe6c9a68aa49976cc6cd09e52cf,
        type: 3}
      propertyPath: m_Name
      value: RockGroup_4
      objectReference: {fileID: 0}
    - target: {fileID: 3340865649136631411, guid: b4f0cbe6c9a68aa49976cc6cd09e52cf,
        type: 3}
      propertyPath: m_LocalPosition.x
      value: 289.86017
      objectReference: {fileID: 0}
    - target: {fileID: 3340865649136631411, guid: b4f0cbe6c9a68aa49976cc6cd09e52cf,
        type: 3}
      propertyPath: m_LocalPosition.y
      value: -1.5153337
      objectReference: {fileID: 0}
    - target: {fileID: 3340865649136631411, guid: b4f0cbe6c9a68aa49976cc6cd09e52cf,
        type: 3}
      propertyPath: m_LocalPosition.z
      value: 252.7005
      objectReference: {fileID: 0}
    - target: {fileID: 3340865649136631411, guid: b4f0cbe6c9a68aa49976cc6cd09e52cf,
        type: 3}
      propertyPath: m_LocalRotation.x
      value: 0
      objectReference: {fileID: 0}
    - target: {fileID: 3340865649136631411, guid: b4f0cbe6c9a68aa49976cc6cd09e52cf,
        type: 3}
      propertyPath: m_LocalRotation.y
      value: 0
      objectReference: {fileID: 0}
    - target: {fileID: 3340865649136631411, guid: b4f0cbe6c9a68aa49976cc6cd09e52cf,
        type: 3}
      propertyPath: m_LocalRotation.z
      value: 0
      objectReference: {fileID: 0}
    - target: {fileID: 3340865649136631411, guid: b4f0cbe6c9a68aa49976cc6cd09e52cf,
        type: 3}
      propertyPath: m_LocalRotation.w
      value: 1
      objectReference: {fileID: 0}
    - target: {fileID: 3340865649136631411, guid: b4f0cbe6c9a68aa49976cc6cd09e52cf,
        type: 3}
      propertyPath: m_RootOrder
      value: 13
      objectReference: {fileID: 0}
    - target: {fileID: 3340865649136631411, guid: b4f0cbe6c9a68aa49976cc6cd09e52cf,
        type: 3}
      propertyPath: m_LocalEulerAnglesHint.x
      value: 0
      objectReference: {fileID: 0}
    - target: {fileID: 3340865649136631411, guid: b4f0cbe6c9a68aa49976cc6cd09e52cf,
        type: 3}
      propertyPath: m_LocalEulerAnglesHint.y
      value: 0
      objectReference: {fileID: 0}
    - target: {fileID: 3340865649136631411, guid: b4f0cbe6c9a68aa49976cc6cd09e52cf,
        type: 3}
      propertyPath: m_LocalEulerAnglesHint.z
      value: 0
      objectReference: {fileID: 0}
    m_RemovedComponents: []
  m_SourcePrefab: {fileID: 100100000, guid: b4f0cbe6c9a68aa49976cc6cd09e52cf, type: 3}
--- !u!4 &1919793574537971834
Transform:
  m_ObjectHideFlags: 0
  m_CorrespondingSourceObject: {fileID: 0}
  m_PrefabInstance: {fileID: 0}
  m_PrefabAsset: {fileID: 0}
  m_GameObject: {fileID: 3242349621380332137}
  m_LocalRotation: {x: -0, y: -0, z: -0, w: 1}
  m_LocalPosition: {x: 188.87668, y: -3.5747805, z: 191.48666}
  m_LocalScale: {x: 0.3, y: 0.3, z: 0.3}
  m_Children:
  - {fileID: 1193585409}
  - {fileID: 86023170}
  - {fileID: 1947141242}
  - {fileID: 1354901918}
  - {fileID: 659247357}
  - {fileID: 1150669802}
  m_Father: {fileID: 1621214427}
  m_RootOrder: 1
  m_LocalEulerAnglesHint: {x: 0, y: 0, z: 0}
--- !u!1 &3242349621380332137
GameObject:
  m_ObjectHideFlags: 0
  m_CorrespondingSourceObject: {fileID: 0}
  m_PrefabInstance: {fileID: 0}
  m_PrefabAsset: {fileID: 0}
  serializedVersion: 6
  m_Component:
  - component: {fileID: 1919793574537971834}
  m_Layer: 0
  m_Name: rockSet_medium
  m_TagString: Untagged
  m_Icon: {fileID: 0}
  m_NavMeshLayer: 0
  m_StaticEditorFlags: 0
  m_IsActive: 1
--- !u!1001 &4047178896692876364
PrefabInstance:
  m_ObjectHideFlags: 0
  serializedVersion: 2
  m_Modification:
    m_TransformParent: {fileID: 0}
    m_Modifications:
    - target: {fileID: 5319375026285203883, guid: 971968a8c88c8eb4dac9e21143dd9df5,
        type: 3}
      propertyPath: m_Name
      value: RockGroup_1
      objectReference: {fileID: 0}
    - target: {fileID: 6566998813102027298, guid: 971968a8c88c8eb4dac9e21143dd9df5,
        type: 3}
      propertyPath: m_LocalPosition.x
      value: 303.04
      objectReference: {fileID: 0}
    - target: {fileID: 6566998813102027298, guid: 971968a8c88c8eb4dac9e21143dd9df5,
        type: 3}
      propertyPath: m_LocalPosition.y
      value: -0.79100025
      objectReference: {fileID: 0}
    - target: {fileID: 6566998813102027298, guid: 971968a8c88c8eb4dac9e21143dd9df5,
        type: 3}
      propertyPath: m_LocalPosition.z
      value: 304.818
      objectReference: {fileID: 0}
    - target: {fileID: 6566998813102027298, guid: 971968a8c88c8eb4dac9e21143dd9df5,
        type: 3}
      propertyPath: m_LocalRotation.x
      value: -0
      objectReference: {fileID: 0}
    - target: {fileID: 6566998813102027298, guid: 971968a8c88c8eb4dac9e21143dd9df5,
        type: 3}
      propertyPath: m_LocalRotation.y
      value: -0
      objectReference: {fileID: 0}
    - target: {fileID: 6566998813102027298, guid: 971968a8c88c8eb4dac9e21143dd9df5,
        type: 3}
      propertyPath: m_LocalRotation.z
      value: -0
      objectReference: {fileID: 0}
    - target: {fileID: 6566998813102027298, guid: 971968a8c88c8eb4dac9e21143dd9df5,
        type: 3}
      propertyPath: m_LocalRotation.w
      value: 1
      objectReference: {fileID: 0}
    - target: {fileID: 6566998813102027298, guid: 971968a8c88c8eb4dac9e21143dd9df5,
        type: 3}
      propertyPath: m_RootOrder
      value: 10
      objectReference: {fileID: 0}
    - target: {fileID: 6566998813102027298, guid: 971968a8c88c8eb4dac9e21143dd9df5,
        type: 3}
      propertyPath: m_LocalEulerAnglesHint.x
      value: 0
      objectReference: {fileID: 0}
    - target: {fileID: 6566998813102027298, guid: 971968a8c88c8eb4dac9e21143dd9df5,
        type: 3}
      propertyPath: m_LocalEulerAnglesHint.y
      value: 0
      objectReference: {fileID: 0}
    - target: {fileID: 6566998813102027298, guid: 971968a8c88c8eb4dac9e21143dd9df5,
        type: 3}
      propertyPath: m_LocalEulerAnglesHint.z
      value: 0
      objectReference: {fileID: 0}
    m_RemovedComponents: []
  m_SourcePrefab: {fileID: 100100000, guid: 971968a8c88c8eb4dac9e21143dd9df5, type: 3}
--- !u!1001 &6990307305789010356
PrefabInstance:
  m_ObjectHideFlags: 0
  serializedVersion: 2
  m_Modification:
    m_TransformParent: {fileID: 0}
    m_Modifications:
    - target: {fileID: 4663169404483338377, guid: ebf7eeba8e5a97f48ba09d963068a4bf,
        type: 3}
      propertyPath: m_Name
      value: RockGroup_3
      objectReference: {fileID: 0}
    - target: {fileID: 1715614725648724406, guid: ebf7eeba8e5a97f48ba09d963068a4bf,
        type: 3}
      propertyPath: m_LocalPosition.x
      value: 241.07861
      objectReference: {fileID: 0}
    - target: {fileID: 1715614725648724406, guid: ebf7eeba8e5a97f48ba09d963068a4bf,
        type: 3}
      propertyPath: m_LocalPosition.y
      value: -0.96590024
      objectReference: {fileID: 0}
    - target: {fileID: 1715614725648724406, guid: ebf7eeba8e5a97f48ba09d963068a4bf,
        type: 3}
      propertyPath: m_LocalPosition.z
      value: 304.22006
      objectReference: {fileID: 0}
    - target: {fileID: 1715614725648724406, guid: ebf7eeba8e5a97f48ba09d963068a4bf,
        type: 3}
      propertyPath: m_LocalRotation.x
      value: 0
      objectReference: {fileID: 0}
    - target: {fileID: 1715614725648724406, guid: ebf7eeba8e5a97f48ba09d963068a4bf,
        type: 3}
      propertyPath: m_LocalRotation.y
      value: 0
      objectReference: {fileID: 0}
    - target: {fileID: 1715614725648724406, guid: ebf7eeba8e5a97f48ba09d963068a4bf,
        type: 3}
      propertyPath: m_LocalRotation.z
      value: 0
      objectReference: {fileID: 0}
    - target: {fileID: 1715614725648724406, guid: ebf7eeba8e5a97f48ba09d963068a4bf,
        type: 3}
      propertyPath: m_LocalRotation.w
      value: 1
      objectReference: {fileID: 0}
    - target: {fileID: 1715614725648724406, guid: ebf7eeba8e5a97f48ba09d963068a4bf,
        type: 3}
      propertyPath: m_RootOrder
      value: 12
      objectReference: {fileID: 0}
    - target: {fileID: 1715614725648724406, guid: ebf7eeba8e5a97f48ba09d963068a4bf,
        type: 3}
      propertyPath: m_LocalEulerAnglesHint.x
      value: 0
      objectReference: {fileID: 0}
    - target: {fileID: 1715614725648724406, guid: ebf7eeba8e5a97f48ba09d963068a4bf,
        type: 3}
      propertyPath: m_LocalEulerAnglesHint.y
      value: 0
      objectReference: {fileID: 0}
    - target: {fileID: 1715614725648724406, guid: ebf7eeba8e5a97f48ba09d963068a4bf,
        type: 3}
      propertyPath: m_LocalEulerAnglesHint.z
      value: 0
      objectReference: {fileID: 0}
    m_RemovedComponents: []
  m_SourcePrefab: {fileID: 100100000, guid: ebf7eeba8e5a97f48ba09d963068a4bf, type: 3}
--- !u!1001 &7840435278158086492
PrefabInstance:
  m_ObjectHideFlags: 0
  serializedVersion: 2
  m_Modification:
    m_TransformParent: {fileID: 0}
    m_Modifications:
    - target: {fileID: 8569689704197503424, guid: 11d6c2dae51bd8d4ab462eb1f2de26eb,
        type: 3}
      propertyPath: m_Name
      value: RockGroup_5
      objectReference: {fileID: 0}
    - target: {fileID: 7432425466438770531, guid: 11d6c2dae51bd8d4ab462eb1f2de26eb,
        type: 3}
      propertyPath: m_LocalPosition.x
      value: 324.09134
      objectReference: {fileID: 0}
    - target: {fileID: 7432425466438770531, guid: 11d6c2dae51bd8d4ab462eb1f2de26eb,
        type: 3}
      propertyPath: m_LocalPosition.y
      value: -1.5446668
      objectReference: {fileID: 0}
    - target: {fileID: 7432425466438770531, guid: 11d6c2dae51bd8d4ab462eb1f2de26eb,
        type: 3}
      propertyPath: m_LocalPosition.z
      value: 282.66098
      objectReference: {fileID: 0}
    - target: {fileID: 7432425466438770531, guid: 11d6c2dae51bd8d4ab462eb1f2de26eb,
        type: 3}
      propertyPath: m_LocalRotation.x
      value: 0
      objectReference: {fileID: 0}
    - target: {fileID: 7432425466438770531, guid: 11d6c2dae51bd8d4ab462eb1f2de26eb,
        type: 3}
      propertyPath: m_LocalRotation.y
      value: 0
      objectReference: {fileID: 0}
    - target: {fileID: 7432425466438770531, guid: 11d6c2dae51bd8d4ab462eb1f2de26eb,
        type: 3}
      propertyPath: m_LocalRotation.z
      value: 0
      objectReference: {fileID: 0}
    - target: {fileID: 7432425466438770531, guid: 11d6c2dae51bd8d4ab462eb1f2de26eb,
        type: 3}
      propertyPath: m_LocalRotation.w
      value: 1
      objectReference: {fileID: 0}
    - target: {fileID: 7432425466438770531, guid: 11d6c2dae51bd8d4ab462eb1f2de26eb,
        type: 3}
      propertyPath: m_RootOrder
      value: 14
      objectReference: {fileID: 0}
    - target: {fileID: 7432425466438770531, guid: 11d6c2dae51bd8d4ab462eb1f2de26eb,
        type: 3}
      propertyPath: m_LocalEulerAnglesHint.x
      value: 0
      objectReference: {fileID: 0}
    - target: {fileID: 7432425466438770531, guid: 11d6c2dae51bd8d4ab462eb1f2de26eb,
        type: 3}
      propertyPath: m_LocalEulerAnglesHint.y
      value: 0
      objectReference: {fileID: 0}
    - target: {fileID: 7432425466438770531, guid: 11d6c2dae51bd8d4ab462eb1f2de26eb,
        type: 3}
      propertyPath: m_LocalEulerAnglesHint.z
      value: 0
      objectReference: {fileID: 0}
    m_RemovedComponents: []
  m_SourcePrefab: {fileID: 100100000, guid: 11d6c2dae51bd8d4ab462eb1f2de26eb, type: 3}
--- !u!1001 &8834887993645689854
PrefabInstance:
  m_ObjectHideFlags: 0
  serializedVersion: 2
  m_Modification:
    m_TransformParent: {fileID: 0}
    m_Modifications:
    - target: {fileID: 6169856286691802350, guid: fd910ed2b9dcf1644b0ce434d51239d7,
        type: 3}
      propertyPath: m_Name
      value: RockGroup_2
      objectReference: {fileID: 0}
    - target: {fileID: 1192448989120844122, guid: fd910ed2b9dcf1644b0ce434d51239d7,
        type: 3}
      propertyPath: m_LocalPosition.x
      value: 277.4302
      objectReference: {fileID: 0}
    - target: {fileID: 1192448989120844122, guid: fd910ed2b9dcf1644b0ce434d51239d7,
        type: 3}
      propertyPath: m_LocalPosition.y
      value: -1.7519132
      objectReference: {fileID: 0}
    - target: {fileID: 1192448989120844122, guid: fd910ed2b9dcf1644b0ce434d51239d7,
        type: 3}
      propertyPath: m_LocalPosition.z
      value: 300.39706
      objectReference: {fileID: 0}
    - target: {fileID: 1192448989120844122, guid: fd910ed2b9dcf1644b0ce434d51239d7,
        type: 3}
      propertyPath: m_LocalRotation.x
      value: 0
      objectReference: {fileID: 0}
    - target: {fileID: 1192448989120844122, guid: fd910ed2b9dcf1644b0ce434d51239d7,
        type: 3}
      propertyPath: m_LocalRotation.y
      value: 0
      objectReference: {fileID: 0}
    - target: {fileID: 1192448989120844122, guid: fd910ed2b9dcf1644b0ce434d51239d7,
        type: 3}
      propertyPath: m_LocalRotation.z
      value: 0
      objectReference: {fileID: 0}
    - target: {fileID: 1192448989120844122, guid: fd910ed2b9dcf1644b0ce434d51239d7,
        type: 3}
      propertyPath: m_LocalRotation.w
      value: 1
      objectReference: {fileID: 0}
    - target: {fileID: 1192448989120844122, guid: fd910ed2b9dcf1644b0ce434d51239d7,
        type: 3}
      propertyPath: m_RootOrder
      value: 11
      objectReference: {fileID: 0}
    - target: {fileID: 1192448989120844122, guid: fd910ed2b9dcf1644b0ce434d51239d7,
        type: 3}
      propertyPath: m_LocalEulerAnglesHint.x
      value: 0
      objectReference: {fileID: 0}
    - target: {fileID: 1192448989120844122, guid: fd910ed2b9dcf1644b0ce434d51239d7,
        type: 3}
      propertyPath: m_LocalEulerAnglesHint.y
      value: 0
      objectReference: {fileID: 0}
    - target: {fileID: 1192448989120844122, guid: fd910ed2b9dcf1644b0ce434d51239d7,
        type: 3}
      propertyPath: m_LocalEulerAnglesHint.z
      value: 0
      objectReference: {fileID: 0}
    m_RemovedComponents: []
  m_SourcePrefab: {fileID: 100100000, guid: fd910ed2b9dcf1644b0ce434d51239d7, type: 3}
