%YAML 1.1
%TAG !u! tag:unity3d.com,2011:
--- !u!1 &8442318816794871979
GameObject:
  m_ObjectHideFlags: 0
  m_CorrespondingSourceObject: {fileID: 0}
  m_PrefabInstance: {fileID: 0}
  m_PrefabAsset: {fileID: 0}
  serializedVersion: 6
  m_Component:
  - component: {fileID: 8442318816794871976}
  - component: {fileID: 8442318816794871974}
  - component: {fileID: 8442318816794871977}
  m_Layer: 0
  m_Name: InControl
  m_TagString: Untagged
  m_Icon: {fileID: 0}
  m_NavMeshLayer: 0
  m_StaticEditorFlags: 4
  m_IsActive: 1
--- !u!4 &8442318816794871976
Transform:
  m_ObjectHideFlags: 0
  m_CorrespondingSourceObject: {fileID: 0}
  m_PrefabInstance: {fileID: 0}
  m_PrefabAsset: {fileID: 0}
  m_GameObject: {fileID: 8442318816794871979}
  m_LocalRotation: {x: 0, y: 0, z: 0, w: 1}
  m_LocalPosition: {x: 0, y: 0, z: 0}
  m_LocalScale: {x: 1, y: 1, z: 1}
  m_Children:
  - {fileID: 8442318816982691779}
  m_Father: {fileID: 8442318818018165237}
  m_RootOrder: 1
  m_LocalEulerAnglesHint: {x: 0, y: 0, z: 0}
--- !u!114 &8442318816794871974
MonoBehaviour:
  m_ObjectHideFlags: 0
  m_CorrespondingSourceObject: {fileID: 0}
  m_PrefabInstance: {fileID: 0}
  m_PrefabAsset: {fileID: 0}
  m_GameObject: {fileID: 8442318816794871979}
  m_Enabled: 1
  m_EditorHideFlags: 0
  m_Script: {fileID: 11500000, guid: c7b5e8de77c5b4597ae7fbfb49a95e22, type: 3}
  m_Name: 
  m_EditorClassIdentifier: 
  logDebugInfo: 1
  invertYAxis: 0
  useFixedUpdate: 0
  dontDestroyOnLoad: 1
  suspendInBackground: 0
  enableICade: 0
  enableXInput: 0
  xInputOverrideUpdateRate: 0
  xInputUpdateRate: 0
  xInputOverrideBufferSize: 0
  xInputBufferSize: 0
  enableNativeInput: 1
  nativeInputEnableXInput: 1
  nativeInputPreventSleep: 0
  nativeInputOverrideUpdateRate: 0
  nativeInputUpdateRate: 0
  customProfiles: []
--- !u!114 &8442318816794871977
MonoBehaviour:
  m_ObjectHideFlags: 0
  m_CorrespondingSourceObject: {fileID: 0}
  m_PrefabInstance: {fileID: 0}
  m_PrefabAsset: {fileID: 0}
  m_GameObject: {fileID: 8442318816794871979}
  m_Enabled: 1
  m_EditorHideFlags: 0
  m_Script: {fileID: 11500000, guid: e6c474df4ff4c4f5bbabeb9f44d56014, type: 3}
  m_Name: 
  m_EditorClassIdentifier: 
  touchCamera: {fileID: 8442318818198810094}
  controlsShowGizmos: 1
  enableControlsOnTouch: 1
  _controlsEnabled: 1
  controlsLayer: 5
--- !u!1 &8442318816848012977
GameObject:
  m_ObjectHideFlags: 0
  m_CorrespondingSourceObject: {fileID: 0}
  m_PrefabInstance: {fileID: 0}
  m_PrefabAsset: {fileID: 0}
  serializedVersion: 6
  m_Component:
  - component: {fileID: 8442318816848013006}
  m_Layer: 0
  m_Name: Cameras
  m_TagString: Untagged
  m_Icon: {fileID: 0}
  m_NavMeshLayer: 0
  m_StaticEditorFlags: 4
  m_IsActive: 1
--- !u!4 &8442318816848013006
Transform:
  m_ObjectHideFlags: 0
  m_CorrespondingSourceObject: {fileID: 0}
  m_PrefabInstance: {fileID: 0}
  m_PrefabAsset: {fileID: 0}
  m_GameObject: {fileID: 8442318816848012977}
  m_LocalRotation: {x: -0, y: -0, z: -0, w: 1}
  m_LocalPosition: {x: 1517.7253, y: -107.99008, z: -577.9199}
  m_LocalScale: {x: 1, y: 1, z: 1}
  m_Children:
  - {fileID: 8442318817022474509}
  m_Father: {fileID: 8442318818018165237}
  m_RootOrder: 2
  m_LocalEulerAnglesHint: {x: 0, y: 0, z: 0}
--- !u!1 &8442318816982691778
GameObject:
  m_ObjectHideFlags: 0
  m_CorrespondingSourceObject: {fileID: 0}
  m_PrefabInstance: {fileID: 0}
  m_PrefabAsset: {fileID: 0}
  serializedVersion: 6
  m_Component:
  - component: {fileID: 8442318816982691779}
  m_Layer: 0
  m_Name: Touch Camera Group
  m_TagString: Untagged
  m_Icon: {fileID: 0}
  m_NavMeshLayer: 0
  m_StaticEditorFlags: 0
  m_IsActive: 0
--- !u!4 &8442318816982691779
Transform:
  m_ObjectHideFlags: 0
  m_CorrespondingSourceObject: {fileID: 0}
  m_PrefabInstance: {fileID: 0}
  m_PrefabAsset: {fileID: 0}
  m_GameObject: {fileID: 8442318816982691778}
  m_LocalRotation: {x: 0, y: 0, z: 0, w: 1}
  m_LocalPosition: {x: 0.14498901, y: -1.5559998, z: -2.5}
  m_LocalScale: {x: 1, y: 1, z: 1}
  m_Children:
  - {fileID: 8442318818491972876}
  - {fileID: 8442318818572701896}
  - {fileID: 8442318817876492717}
  - {fileID: 8442318818198810065}
  m_Father: {fileID: 8442318816794871976}
  m_RootOrder: 0
  m_LocalEulerAnglesHint: {x: 0, y: 0, z: 0}
--- !u!1 &8442318817022476018
GameObject:
  m_ObjectHideFlags: 0
  m_CorrespondingSourceObject: {fileID: 0}
  m_PrefabInstance: {fileID: 0}
  m_PrefabAsset: {fileID: 0}
  serializedVersion: 6
  m_Component:
  - component: {fileID: 8442318817022474509}
  - component: {fileID: 8442318817022474508}
  - component: {fileID: 8442318817022474511}
  - component: {fileID: 8442318817022474510}
  - component: {fileID: 8442318817022476017}
  - component: {fileID: 8442318817022476016}
  - component: {fileID: 8442318817022476019}
  - component: {fileID: 8442318817022474506}
  m_Layer: 0
  m_Name: Main Camera
  m_TagString: MainCamera
  m_Icon: {fileID: 0}
  m_NavMeshLayer: 0
  m_StaticEditorFlags: 4
  m_IsActive: 1
--- !u!4 &8442318817022474509
Transform:
  m_ObjectHideFlags: 0
  m_CorrespondingSourceObject: {fileID: 0}
  m_PrefabInstance: {fileID: 0}
  m_PrefabAsset: {fileID: 0}
  m_GameObject: {fileID: 8442318817022476018}
  m_LocalRotation: {x: 0.093212724, y: 0.75613964, z: -0.110428885, w: 0.63825524}
  m_LocalPosition: {x: -3473.7078, y: 316.76337, z: 1019.36505}
  m_LocalScale: {x: 1, y: 1, z: 1}
  m_Children: []
  m_Father: {fileID: 8442318816848013006}
  m_RootOrder: 0
  m_LocalEulerAnglesHint: {x: 0, y: 0, z: 0}
--- !u!20 &8442318817022474508
Camera:
  m_ObjectHideFlags: 0
  m_CorrespondingSourceObject: {fileID: 0}
  m_PrefabInstance: {fileID: 0}
  m_PrefabAsset: {fileID: 0}
  m_GameObject: {fileID: 8442318817022476018}
  m_Enabled: 1
  serializedVersion: 2
  m_ClearFlags: 1
  m_BackGroundColor: {r: 0.19215687, g: 0.3019608, b: 0.4745098, a: 0}
  m_projectionMatrixMode: 1
  m_GateFitMode: 2
  m_FOVAxisMode: 0
  m_SensorSize: {x: 36, y: 24}
  m_LensShift: {x: 0, y: 0}
  m_FocalLength: 50
  m_NormalizedViewPortRect:
    serializedVersion: 2
    x: 0
    y: 0
    width: 1
    height: 1
  near clip plane: 1
  far clip plane: 80071
  field of view: 38
  orthographic: 0
  orthographic size: 5
  m_Depth: -1
  m_CullingMask:
    serializedVersion: 2
    m_Bits: 8388375
  m_RenderingPath: -1
  m_TargetTexture: {fileID: 0}
  m_TargetDisplay: 0
  m_TargetEye: 3
  m_HDR: 1
  m_AllowMSAA: 1
  m_AllowDynamicResolution: 0
  m_ForceIntoRT: 0
  m_OcclusionCulling: 1
  m_StereoConvergence: 10
  m_StereoSeparation: 0.022
--- !u!81 &8442318817022474511
AudioListener:
  m_ObjectHideFlags: 0
  m_CorrespondingSourceObject: {fileID: 0}
  m_PrefabInstance: {fileID: 0}
  m_PrefabAsset: {fileID: 0}
  m_GameObject: {fileID: 8442318817022476018}
  m_Enabled: 1
--- !u!114 &8442318817022474510
MonoBehaviour:
  m_ObjectHideFlags: 0
  m_CorrespondingSourceObject: {fileID: 0}
  m_PrefabInstance: {fileID: 0}
  m_PrefabAsset: {fileID: 0}
  m_GameObject: {fileID: 8442318817022476018}
  m_Enabled: 1
  m_EditorHideFlags: 0
  m_Script: {fileID: 11500000, guid: 72ece51f2901e7445ab60da3685d6b5f, type: 3}
  m_Name: 
  m_EditorClassIdentifier: 
  m_ShowDebugText: 1
  m_ShowCameraFrustum: 1
  m_IgnoreTimeScale: 0
  m_WorldUpOverride: {fileID: 0}
  m_UpdateMethod: 2
  m_DefaultBlend:
    m_Style: 1
    m_Time: 2
    m_CustomCurve:
      serializedVersion: 2
      m_Curve: []
      m_PreInfinity: 2
      m_PostInfinity: 2
      m_RotationOrder: 4
  m_CustomBlends: {fileID: 11400000, guid: cbb999545c92b476aa1d2993229ada4b, type: 2}
  m_CameraCutEvent:
    m_PersistentCalls:
      m_Calls: []
  m_CameraActivatedEvent:
    m_PersistentCalls:
      m_Calls: []
--- !u!114 &8442318817022476017
MonoBehaviour:
  m_ObjectHideFlags: 0
  m_CorrespondingSourceObject: {fileID: 0}
  m_PrefabInstance: {fileID: 0}
  m_PrefabAsset: {fileID: 0}
  m_GameObject: {fileID: 8442318817022476018}
  m_Enabled: 1
  m_EditorHideFlags: 0
  m_Script: {fileID: 11500000, guid: 948f4100a11a5c24981795d21301da5c, type: 3}
  m_Name: 
  m_EditorClassIdentifier: 
  volumeTrigger: {fileID: 8442318817022474509}
  volumeLayer:
    serializedVersion: 2
    m_Bits: 1
  stopNaNPropagation: 1
  finalBlitToCameraTarget: 1
  antialiasingMode: 3
  temporalAntialiasing:
    jitterSpread: 0.1
    sharpness: 1.267
    stationaryBlending: 0.99
    motionBlending: 0.99
  subpixelMorphologicalAntialiasing:
    quality: 2
  fastApproximateAntialiasing:
    fastMode: 0
    keepAlpha: 0
  fog:
    enabled: 0
    excludeSkybox: 1
  debugLayer:
    lightMeter:
      width: 512
      height: 256
      showCurves: 1
    histogram:
      width: 512
      height: 256
      channel: 3
    waveform:
      exposure: 0.12
      height: 256
    vectorscope:
      size: 256
      exposure: 0.12
    overlaySettings:
      linearDepth: 0
      motionColorIntensity: 4
      motionGridSize: 64
      colorBlindnessType: 0
      colorBlindnessStrength: 1
  m_Resources: {fileID: 11400000, guid: d82512f9c8e5d4a4d938b575d47f88d4, type: 2}
  m_ShowToolkit: 1
  m_ShowCustomSorter: 1
  breakBeforeColorGrading: 0
  m_BeforeTransparentBundles: []
  m_BeforeStackBundles: []
  m_AfterStackBundles: []
--- !u!114 &8442318817022476016
MonoBehaviour:
  m_ObjectHideFlags: 0
  m_CorrespondingSourceObject: {fileID: 0}
  m_PrefabInstance: {fileID: 0}
  m_PrefabAsset: {fileID: 0}
  m_GameObject: {fileID: 8442318817022476018}
  m_Enabled: 0
  m_EditorHideFlags: 0
  m_Script: {fileID: 11500000, guid: 8b9a305e18de0c04dbd257a21cd47087, type: 3}
  m_Name: 
  m_EditorClassIdentifier: 
  sharedProfile: {fileID: 11400000, guid: 5a453ca55d7ef4c68ab8147127f9499e, type: 2}
  isGlobal: 1
  blendDistance: 0
  weight: 1
  priority: 1
--- !u!114 &8442318817022476019
MonoBehaviour:
  m_ObjectHideFlags: 0
  m_CorrespondingSourceObject: {fileID: 0}
  m_PrefabInstance: {fileID: 0}
  m_PrefabAsset: {fileID: 0}
  m_GameObject: {fileID: 8442318817022476018}
  m_Enabled: 0
  m_EditorHideFlags: 0
  m_Script: {fileID: 11500000, guid: 4d61c29cffe7e3a4184315495b374b72, type: 3}
  m_Name: 
  m_EditorClassIdentifier: 
  shader: {fileID: 4800000, guid: 353f06709b1132f4883b9adcce9b6b40, type: 3}
  _start: 10
  _end: 4000
  _drawOverSkybox: 0
  gradient:
    serializedVersion: 2
    key0: {r: 0.5328923, g: 0.5471698, b: 0.4774831, a: 0}
    key1: {r: 0.52932537, g: 0.5754717, b: 0.5679595, a: 1}
    key2: {r: 0.5674078, g: 0.57338196, b: 0.51815546, a: 1}
    key3: {r: 0.9150943, g: 0.9086196, b: 0.7985493, a: 0}
    key4: {r: 0, g: 0, b: 0, a: 0}
    key5: {r: 0, g: 0, b: 0, a: 0}
    key6: {r: 0, g: 0, b: 0, a: 0}
    key7: {r: 0, g: 0, b: 0, a: 0}
    ctime0: 0
    ctime1: 45489
    ctime2: 61873
    ctime3: 65342
    ctime4: 0
    ctime5: 0
    ctime6: 0
    ctime7: 0
    atime0: 193
    atime1: 28527
    atime2: 65535
    atime3: 0
    atime4: 0
    atime5: 0
    atime6: 0
    atime7: 0
    m_Mode: 0
    m_NumColorKeys: 4
    m_NumAlphaKeys: 3
  secondaryGradient:
    serializedVersion: 2
    key0: {r: 1, g: 1, b: 1, a: 1}
    key1: {r: 1, g: 1, b: 1, a: 1}
    key2: {r: 0, g: 0, b: 0, a: 0}
    key3: {r: 0, g: 0, b: 0, a: 0}
    key4: {r: 0, g: 0, b: 0, a: 0}
    key5: {r: 0, g: 0, b: 0, a: 0}
    key6: {r: 0, g: 0, b: 0, a: 0}
    key7: {r: 0, g: 0, b: 0, a: 0}
    ctime0: 0
    ctime1: 65535
    ctime2: 0
    ctime3: 0
    ctime4: 0
    ctime5: 0
    ctime6: 0
    ctime7: 0
    atime0: 0
    atime1: 65535
    atime2: 0
    atime3: 0
    atime4: 0
    atime5: 0
    atime6: 0
    atime7: 0
    m_Mode: 0
    m_NumColorKeys: 2
    m_NumAlphaKeys: 2
  gradientLerp: 0
--- !u!114 &8442318817022474506
MonoBehaviour:
  m_ObjectHideFlags: 0
  m_CorrespondingSourceObject: {fileID: 0}
  m_PrefabInstance: {fileID: 0}
  m_PrefabAsset: {fileID: 0}
  m_GameObject: {fileID: 8442318817022476018}
  m_Enabled: 1
  m_EditorHideFlags: 0
  m_Script: {fileID: 11500000, guid: 2629f24eaf46e446fb6e9f19adb2ee3f, type: 3}
  m_Name: 
  m_EditorClassIdentifier: 
  InputRequiresClick: 0
  TouchSensitivity_x: 10
  TouchSensitivity_y: 10
--- !u!1 &8442318817876492716
GameObject:
  m_ObjectHideFlags: 0
  m_CorrespondingSourceObject: {fileID: 0}
  m_PrefabInstance: {fileID: 0}
  m_PrefabAsset: {fileID: 0}
  serializedVersion: 6
  m_Component:
  - component: {fileID: 8442318817876492717}
  - component: {fileID: 8442318817876492714}
  m_Layer: 5
  m_Name: Touch Track Control
  m_TagString: Untagged
  m_Icon: {fileID: 0}
  m_NavMeshLayer: 0
  m_StaticEditorFlags: 4
  m_IsActive: 1
--- !u!4 &8442318817876492717
Transform:
  m_ObjectHideFlags: 0
  m_CorrespondingSourceObject: {fileID: 0}
  m_PrefabInstance: {fileID: 0}
  m_PrefabAsset: {fileID: 0}
  m_GameObject: {fileID: 8442318817876492716}
  m_LocalRotation: {x: -0, y: -0, z: -0, w: 1}
  m_LocalPosition: {x: 829.95825, y: -128.93845, z: -897.2808}
  m_LocalScale: {x: 1, y: 1, z: 1}
  m_Children: []
  m_Father: {fileID: 8442318816982691779}
  m_RootOrder: 2
  m_LocalEulerAnglesHint: {x: 0, y: 0, z: 0}
--- !u!114 &8442318817876492714
MonoBehaviour:
  m_ObjectHideFlags: 0
  m_CorrespondingSourceObject: {fileID: 0}
  m_PrefabInstance: {fileID: 0}
  m_PrefabAsset: {fileID: 0}
  m_GameObject: {fileID: 8442318817876492716}
  m_Enabled: 1
  m_EditorHideFlags: 0
  m_Script: {fileID: 11500000, guid: 5414a42a055b6449282453561a90c671, type: 3}
  m_Name: 
  m_EditorClassIdentifier: 
  areaUnitType: 0
  activeArea:
    serializedVersion: 2
    x: 50
    y: 0
    width: 50
    height: 100
  target: 2
  scale: 1
  tapTarget: 0
  maxTapDuration: 0.5
  maxTapMovement: 1
--- !u!1 &8442318818018165236
GameObject:
  m_ObjectHideFlags: 0
  m_CorrespondingSourceObject: {fileID: 0}
  m_PrefabInstance: {fileID: 0}
  m_PrefabAsset: {fileID: 0}
  serializedVersion: 6
  m_Component:
  - component: {fileID: 8442318818018165237}
  - component: {fileID: 8442318818018165234}
  m_Layer: 0
  m_Name: Core
  m_TagString: Untagged
  m_Icon: {fileID: 0}
  m_NavMeshLayer: 0
  m_StaticEditorFlags: 4
  m_IsActive: 1
--- !u!4 &8442318818018165237
Transform:
  m_ObjectHideFlags: 0
  m_CorrespondingSourceObject: {fileID: 0}
  m_PrefabInstance: {fileID: 0}
  m_PrefabAsset: {fileID: 0}
  m_GameObject: {fileID: 8442318818018165236}
  m_LocalRotation: {x: 0, y: 0, z: 0, w: 1}
  m_LocalPosition: {x: -830.1032, y: 130.49445, z: 899.7808}
  m_LocalScale: {x: 1, y: 1, z: 1}
  m_Children:
  - {fileID: 8596718587114823078}
  - {fileID: 8442318816794871976}
  - {fileID: 8442318816848013006}
  - {fileID: 8442318818122496446}
  m_Father: {fileID: 0}
  m_RootOrder: 0
  m_LocalEulerAnglesHint: {x: 0, y: 0, z: 0}
--- !u!114 &8442318818018165234
MonoBehaviour:
  m_ObjectHideFlags: 0
  m_CorrespondingSourceObject: {fileID: 0}
  m_PrefabInstance: {fileID: 0}
  m_PrefabAsset: {fileID: 0}
  m_GameObject: {fileID: 8442318818018165236}
  m_Enabled: 1
  m_EditorHideFlags: 0
  m_Script: {fileID: 11500000, guid: 4f976d2b77fa243d787f458eb2a29662, type: 3}
  m_Name: 
  m_EditorClassIdentifier: 
  touchControls: {fileID: 0}
--- !u!1 &8442318818122496416
GameObject:
  m_ObjectHideFlags: 0
  m_CorrespondingSourceObject: {fileID: 0}
  m_PrefabInstance: {fileID: 0}
  m_PrefabAsset: {fileID: 0}
  serializedVersion: 6
  m_Component:
  - component: {fileID: 8442318818122496446}
  - component: {fileID: 8442318818122496417}
  m_Layer: 0
  m_Name: PlayMakerGUI
  m_TagString: Untagged
  m_Icon: {fileID: 0}
  m_NavMeshLayer: 0
  m_StaticEditorFlags: 4
  m_IsActive: 1
--- !u!4 &8442318818122496446
Transform:
  m_ObjectHideFlags: 0
  m_CorrespondingSourceObject: {fileID: 0}
  m_PrefabInstance: {fileID: 0}
  m_PrefabAsset: {fileID: 0}
  m_GameObject: {fileID: 8442318818122496416}
  m_LocalRotation: {x: -0, y: -0, z: -0, w: 1}
  m_LocalPosition: {x: 830.1032, y: -130.49445, z: -899.7808}
  m_LocalScale: {x: 1, y: 1, z: 1}
  m_Children: []
  m_Father: {fileID: 8442318818018165237}
  m_RootOrder: 3
  m_LocalEulerAnglesHint: {x: 0, y: 0, z: 0}
--- !u!114 &8442318818122496417
MonoBehaviour:
  m_ObjectHideFlags: 0
  m_CorrespondingSourceObject: {fileID: 0}
  m_PrefabInstance: {fileID: 0}
  m_PrefabAsset: {fileID: 0}
  m_GameObject: {fileID: 8442318818122496416}
  m_Enabled: 1
  m_EditorHideFlags: 0
  m_Script: {fileID: -73581967, guid: e743331561ef77147ae48cda9bcb8209, type: 3}
  m_Name: 
  m_EditorClassIdentifier: 
  previewOnGUI: 1
  enableGUILayout: 1
  drawStateLabels: 1
  enableStateLabelsInBuilds: 0
  GUITextureStateLabels: 0
  GUITextStateLabels: 0
  filterLabelsWithDistance: 0
  maxLabelDistance: 10
  controlMouseCursor: 1
  labelScale: 1
--- !u!1 &8442318818198810064
GameObject:
  m_ObjectHideFlags: 0
  m_CorrespondingSourceObject: {fileID: 0}
  m_PrefabInstance: {fileID: 0}
  m_PrefabAsset: {fileID: 0}
  serializedVersion: 6
  m_Component:
  - component: {fileID: 8442318818198810065}
  - component: {fileID: 8442318818198810094}
  m_Layer: 0
  m_Name: Touch Camera
  m_TagString: Untagged
  m_Icon: {fileID: 0}
  m_NavMeshLayer: 0
  m_StaticEditorFlags: 4
  m_IsActive: 1
--- !u!4 &8442318818198810065
Transform:
  m_ObjectHideFlags: 0
  m_CorrespondingSourceObject: {fileID: 0}
  m_PrefabInstance: {fileID: 0}
  m_PrefabAsset: {fileID: 0}
  m_GameObject: {fileID: 8442318818198810064}
  m_LocalRotation: {x: -0, y: -0, z: -0, w: 1}
  m_LocalPosition: {x: 829.95825, y: -128.93845, z: -907.2808}
  m_LocalScale: {x: 1, y: 1, z: 1}
  m_Children: []
  m_Father: {fileID: 8442318816982691779}
  m_RootOrder: 3
  m_LocalEulerAnglesHint: {x: 0, y: 0, z: 0}
--- !u!20 &8442318818198810094
Camera:
  m_ObjectHideFlags: 0
  m_CorrespondingSourceObject: {fileID: 0}
  m_PrefabInstance: {fileID: 0}
  m_PrefabAsset: {fileID: 0}
  m_GameObject: {fileID: 8442318818198810064}
  m_Enabled: 1
  serializedVersion: 2
  m_ClearFlags: 4
  m_BackGroundColor: {r: 0.19215687, g: 0.3019608, b: 0.4745098, a: 0}
  m_projectionMatrixMode: 1
  m_GateFitMode: 2
  m_FOVAxisMode: 0
  m_SensorSize: {x: 36, y: 24}
  m_LensShift: {x: 0, y: 0}
  m_FocalLength: 50
  m_NormalizedViewPortRect:
    serializedVersion: 2
    x: 0
    y: 0
    width: 1
    height: 1
  near clip plane: 0.3
  far clip plane: 1000
  field of view: 60
  orthographic: 1
  orthographic size: 5
  m_Depth: 100
  m_CullingMask:
    serializedVersion: 2
    m_Bits: 32
  m_RenderingPath: -1
  m_TargetTexture: {fileID: 0}
  m_TargetDisplay: 0
  m_TargetEye: 3
  m_HDR: 1
  m_AllowMSAA: 1
  m_AllowDynamicResolution: 0
  m_ForceIntoRT: 0
  m_OcclusionCulling: 1
  m_StereoConvergence: 10
  m_StereoSeparation: 0.022
--- !u!1 &8442318818491972879
GameObject:
  m_ObjectHideFlags: 0
  m_CorrespondingSourceObject: {fileID: 0}
  m_PrefabInstance: {fileID: 0}
  m_PrefabAsset: {fileID: 0}
  serializedVersion: 6
  m_Component:
  - component: {fileID: 8442318818491972876}
  - component: {fileID: 8442318818491972877}
  m_Layer: 5
  m_Name: Touch Button Control
  m_TagString: Untagged
  m_Icon: {fileID: 0}
  m_NavMeshLayer: 0
  m_StaticEditorFlags: 4
  m_IsActive: 1
--- !u!4 &8442318818491972876
Transform:
  m_ObjectHideFlags: 0
  m_CorrespondingSourceObject: {fileID: 0}
  m_PrefabInstance: {fileID: 0}
  m_PrefabAsset: {fileID: 0}
  m_GameObject: {fileID: 8442318818491972879}
  m_LocalRotation: {x: -0, y: -0, z: -0, w: 1}
  m_LocalPosition: {x: 837.4271, y: -132.16245, z: -897.2808}
  m_LocalScale: {x: 1, y: 1, z: 1}
  m_Children: []
  m_Father: {fileID: 8442318816982691779}
  m_RootOrder: 0
  m_LocalEulerAnglesHint: {x: 0, y: 0, z: 0}
--- !u!114 &8442318818491972877
MonoBehaviour:
  m_ObjectHideFlags: 0
  m_CorrespondingSourceObject: {fileID: 0}
  m_PrefabInstance: {fileID: 0}
  m_PrefabAsset: {fileID: 0}
  m_GameObject: {fileID: 8442318818491972879}
  m_Enabled: 1
  m_EditorHideFlags: 0
  m_Script: {fileID: 11500000, guid: 05c28010e244e4ca2ad9d7e8e71ecc50, type: 3}
  m_Name: 
  m_EditorClassIdentifier: 
  anchor: 8
  offsetUnitType: 0
  offset: {x: -14.2, y: 17.76}
  lockAspectRatio: 1
  target: 19
  allowSlideToggle: 1
  toggleOnLeave: 0
  pressureSensitive: 0
  button:
    idleSprite: {fileID: 21300000, guid: f178146a44de340829e1c25c4ee4c072, type: 3}
    busySprite: {fileID: 21300000, guid: f178146a44de340829e1c25c4ee4c072, type: 3}
    idleColor: {r: 1, g: 1, b: 1, a: 0.56078434}
    busyColor: {r: 1, g: 1, b: 1, a: 1}
    shape: 0
    sizeUnitType: 0
    size: {x: 15, y: 15}
    lockAspectRatio: 1
    worldSize: {x: 1.4999999, y: 1.4999999}
--- !u!1 &8442318818572701899
GameObject:
  m_ObjectHideFlags: 0
  m_CorrespondingSourceObject: {fileID: 0}
  m_PrefabInstance: {fileID: 0}
  m_PrefabAsset: {fileID: 0}
  serializedVersion: 6
  m_Component:
  - component: {fileID: 8442318818572701896}
  - component: {fileID: 8442318818572701897}
  m_Layer: 5
  m_Name: Touch Stick Control
  m_TagString: Untagged
  m_Icon: {fileID: 0}
  m_NavMeshLayer: 0
  m_StaticEditorFlags: 4
  m_IsActive: 1
--- !u!4 &8442318818572701896
Transform:
  m_ObjectHideFlags: 0
  m_CorrespondingSourceObject: {fileID: 0}
  m_PrefabInstance: {fileID: 0}
  m_PrefabAsset: {fileID: 0}
  m_GameObject: {fileID: 8442318818572701899}
  m_LocalRotation: {x: -0, y: -0, z: -0, w: 1}
  m_LocalPosition: {x: 823.06934, y: -131.93845, z: -897.2808}
  m_LocalScale: {x: 1, y: 1, z: 1}
  m_Children: []
  m_Father: {fileID: 8442318816982691779}
  m_RootOrder: 1
  m_LocalEulerAnglesHint: {x: 0, y: 0, z: 0}
--- !u!114 &8442318818572701897
MonoBehaviour:
  m_ObjectHideFlags: 0
  m_CorrespondingSourceObject: {fileID: 0}
  m_PrefabInstance: {fileID: 0}
  m_PrefabAsset: {fileID: 0}
  m_GameObject: {fileID: 8442318818572701899}
  m_Enabled: 1
  m_EditorHideFlags: 0
  m_Script: {fileID: 11500000, guid: 22f566de049b04240b6621f25c01d1f2, type: 3}
  m_Name: 
  m_EditorClassIdentifier: 
  anchor: 2
  offsetUnitType: 0
  offset: {x: 20, y: 20}
  areaUnitType: 0
  activeArea:
    serializedVersion: 2
    x: 0
    y: 0
    width: 50
    height: 100
  target: 1
  snapAngles: 0
  lockToAxis: 0
  lowerDeadZone: 0.1
  upperDeadZone: 0.9
  inputCurve:
    serializedVersion: 2
    m_Curve:
    - serializedVersion: 3
      time: 0
      value: 0
      inSlope: 0
      outSlope: 1
      tangentMode: 0
      weightedMode: 0
      inWeight: 0
      outWeight: 0
    - serializedVersion: 3
      time: 1
      value: 1
      inSlope: 1
      outSlope: 0
      tangentMode: 0
      weightedMode: 0
      inWeight: 0
      outWeight: 0
    m_PreInfinity: 2
    m_PostInfinity: 2
    m_RotationOrder: 4
  allowDragging: 0
  allowDraggingAxis: 0
  snapToInitialTouch: 1
  resetWhenDone: 1
  resetDuration: 0.1
  ring:
    idleSprite: {fileID: 21300000, guid: 6244232c1f7b94049aa3fc49270b0e36, type: 3}
    busySprite: {fileID: 21300000, guid: 6244232c1f7b94049aa3fc49270b0e36, type: 3}
    idleColor: {r: 1, g: 1, b: 1, a: 0}
    busyColor: {r: 1, g: 1, b: 1, a: 1}
    shape: 0
    sizeUnitType: 0
    size: {x: 20, y: 20}
    lockAspectRatio: 1
    worldSize: {x: 1.9999999, y: 1.9999999}
  knob:
    idleSprite: {fileID: 21300000, guid: 54a1d28b302b6484d8633cc09baf1238, type: 3}
    busySprite: {fileID: 21300000, guid: 54a1d28b302b6484d8633cc09baf1238, type: 3}
    idleColor: {r: 1, g: 1, b: 1, a: 0}
    busyColor: {r: 1, g: 1, b: 1, a: 1}
    shape: 0
    sizeUnitType: 0
    size: {x: 10, y: 10}
    lockAspectRatio: 1
    worldSize: {x: 0.99999994, y: 0.99999994}
  knobRange: 7.5
--- !u!1001 &8442318818275693084
PrefabInstance:
  m_ObjectHideFlags: 0
  serializedVersion: 2
  m_Modification:
    m_TransformParent: {fileID: 8442318818018165237}
    m_Modifications:
    - target: {fileID: 172414682778374054, guid: 10e512887d27640d185f4ec936afa95d,
        type: 3}
      propertyPath: m_Name
      value: Player
      objectReference: {fileID: 0}
    - target: {fileID: 172414682778374054, guid: 10e512887d27640d185f4ec936afa95d,
        type: 3}
      propertyPath: m_StaticEditorFlags
      value: 0
      objectReference: {fileID: 0}
    - target: {fileID: 172414682778374074, guid: 10e512887d27640d185f4ec936afa95d,
        type: 3}
      propertyPath: m_LocalPosition.x
      value: -1937.6267
      objectReference: {fileID: 0}
    - target: {fileID: 172414682778374074, guid: 10e512887d27640d185f4ec936afa95d,
        type: 3}
      propertyPath: m_LocalPosition.y
      value: 200.00555
      objectReference: {fileID: 0}
    - target: {fileID: 172414682778374074, guid: 10e512887d27640d185f4ec936afa95d,
        type: 3}
      propertyPath: m_LocalPosition.z
      value: 438.31915
      objectReference: {fileID: 0}
    - target: {fileID: 172414682778374074, guid: 10e512887d27640d185f4ec936afa95d,
        type: 3}
      propertyPath: m_LocalRotation.x
      value: -0
      objectReference: {fileID: 0}
    - target: {fileID: 172414682778374074, guid: 10e512887d27640d185f4ec936afa95d,
        type: 3}
      propertyPath: m_LocalRotation.y
      value: -0
      objectReference: {fileID: 0}
    - target: {fileID: 172414682778374074, guid: 10e512887d27640d185f4ec936afa95d,
        type: 3}
      propertyPath: m_LocalRotation.z
      value: -0
      objectReference: {fileID: 0}
    - target: {fileID: 172414682778374074, guid: 10e512887d27640d185f4ec936afa95d,
        type: 3}
      propertyPath: m_LocalRotation.w
      value: 1
      objectReference: {fileID: 0}
    - target: {fileID: 172414682778374074, guid: 10e512887d27640d185f4ec936afa95d,
        type: 3}
      propertyPath: m_RootOrder
      value: 0
      objectReference: {fileID: 0}
    - target: {fileID: 172414682778374074, guid: 10e512887d27640d185f4ec936afa95d,
        type: 3}
      propertyPath: m_LocalEulerAnglesHint.x
      value: 0
      objectReference: {fileID: 0}
    - target: {fileID: 172414682778374074, guid: 10e512887d27640d185f4ec936afa95d,
        type: 3}
      propertyPath: m_LocalEulerAnglesHint.y
      value: 0
      objectReference: {fileID: 0}
    - target: {fileID: 172414682778374074, guid: 10e512887d27640d185f4ec936afa95d,
        type: 3}
      propertyPath: m_LocalEulerAnglesHint.z
      value: 0
      objectReference: {fileID: 0}
    - target: {fileID: 7217741758571651780, guid: 10e512887d27640d185f4ec936afa95d,
        type: 3}
      propertyPath: m_LocalPosition.x
      value: -18.355713
      objectReference: {fileID: 0}
    - target: {fileID: 7217741758571651780, guid: 10e512887d27640d185f4ec936afa95d,
        type: 3}
      propertyPath: m_LocalPosition.z
      value: 3.1259766
      objectReference: {fileID: 0}
    - target: {fileID: 7217741758571651780, guid: 10e512887d27640d185f4ec936afa95d,
        type: 3}
      propertyPath: m_LocalPosition.y
      value: 6.1600037
      objectReference: {fileID: 0}
    - target: {fileID: 3377048701448690807, guid: 10e512887d27640d185f4ec936afa95d,
        type: 3}
      propertyPath: m_LocalPosition.x
      value: 0
      objectReference: {fileID: 0}
    - target: {fileID: 3377048701448690807, guid: 10e512887d27640d185f4ec936afa95d,
        type: 3}
      propertyPath: m_LocalPosition.y
      value: 0
      objectReference: {fileID: 0}
    - target: {fileID: 1654291500, guid: 10e512887d27640d185f4ec936afa95d, type: 3}
      propertyPath: m_StaticEditorFlags
      value: 0
      objectReference: {fileID: 0}
    - target: {fileID: 172414682913294720, guid: 10e512887d27640d185f4ec936afa95d,
        type: 3}
      propertyPath: m_StaticEditorFlags
      value: 0
      objectReference: {fileID: 0}
    - target: {fileID: 3145139703554547861, guid: 10e512887d27640d185f4ec936afa95d,
        type: 3}
      propertyPath: m_StaticEditorFlags
      value: 0
      objectReference: {fileID: 0}
    - target: {fileID: 1256902631731540604, guid: 10e512887d27640d185f4ec936afa95d,
        type: 3}
      propertyPath: m_StaticEditorFlags
      value: 0
      objectReference: {fileID: 0}
    - target: {fileID: 6084476615183008667, guid: 10e512887d27640d185f4ec936afa95d,
        type: 3}
      propertyPath: m_StaticEditorFlags
      value: 0
      objectReference: {fileID: 0}
    - target: {fileID: 8741015037337481978, guid: 10e512887d27640d185f4ec936afa95d,
        type: 3}
      propertyPath: m_StaticEditorFlags
      value: 0
      objectReference: {fileID: 0}
    - target: {fileID: 6201324554165337270, guid: 10e512887d27640d185f4ec936afa95d,
        type: 3}
      propertyPath: m_LocalRotation.x
      value: -0.14078853
      objectReference: {fileID: 0}
    - target: {fileID: 6201324554165337270, guid: 10e512887d27640d185f4ec936afa95d,
        type: 3}
      propertyPath: m_LocalRotation.y
      value: -0.7457358
      objectReference: {fileID: 0}
    - target: {fileID: 6201324554165337270, guid: 10e512887d27640d185f4ec936afa95d,
        type: 3}
      propertyPath: m_LocalRotation.z
      value: 0.16679221
      objectReference: {fileID: 0}
    - target: {fileID: 6201324554165337270, guid: 10e512887d27640d185f4ec936afa95d,
        type: 3}
      propertyPath: m_LocalRotation.w
      value: -0.6294737
      objectReference: {fileID: 0}
    - target: {fileID: 6201324554165337270, guid: 10e512887d27640d185f4ec936afa95d,
        type: 3}
      propertyPath: m_LocalPosition.x
      value: 0
      objectReference: {fileID: 0}
    - target: {fileID: 6201324554165337270, guid: 10e512887d27640d185f4ec936afa95d,
        type: 3}
      propertyPath: m_LocalPosition.z
      value: 0
      objectReference: {fileID: 0}
    - target: {fileID: 6201324554165337270, guid: 10e512887d27640d185f4ec936afa95d,
        type: 3}
      propertyPath: m_LocalPosition.y
      value: 0
      objectReference: {fileID: 0}
    - target: {fileID: 5122290653639806272, guid: 10e512887d27640d185f4ec936afa95d,
        type: 3}
      propertyPath: m_LocalRotation.x
      value: 0.09321268
      objectReference: {fileID: 0}
    - target: {fileID: 5122290653639806272, guid: 10e512887d27640d185f4ec936afa95d,
        type: 3}
      propertyPath: m_LocalRotation.y
      value: 0.7561396
      objectReference: {fileID: 0}
    - target: {fileID: 5122290653639806272, guid: 10e512887d27640d185f4ec936afa95d,
        type: 3}
      propertyPath: m_LocalRotation.z
      value: -0.1104289
      objectReference: {fileID: 0}
    - target: {fileID: 5122290653639806272, guid: 10e512887d27640d185f4ec936afa95d,
        type: 3}
      propertyPath: m_LocalRotation.w
      value: 0.63825536
      objectReference: {fileID: 0}
    - target: {fileID: 7078356645763478000, guid: 10e512887d27640d185f4ec936afa95d,
        type: 3}
      propertyPath: m_LocalRotation.x
      value: -0.04999335
      objectReference: {fileID: 0}
    - target: {fileID: 7078356645763478000, guid: 10e512887d27640d185f4ec936afa95d,
        type: 3}
      propertyPath: m_LocalRotation.z
      value: 0.05922671
      objectReference: {fileID: 0}
    - target: {fileID: 7078356645763478000, guid: 10e512887d27640d185f4ec936afa95d,
        type: 3}
      propertyPath: m_LocalRotation.y
      value: -0.7618619
      objectReference: {fileID: 0}
    - target: {fileID: 7078356645763478000, guid: 10e512887d27640d185f4ec936afa95d,
        type: 3}
      propertyPath: m_LocalRotation.w
      value: -0.6430858
      objectReference: {fileID: 0}
    - target: {fileID: 527289615, guid: 10e512887d27640d185f4ec936afa95d, type: 3}
      propertyPath: m_StaticEditorFlags
      value: 0
      objectReference: {fileID: 0}
    - target: {fileID: 1623735612, guid: 10e512887d27640d185f4ec936afa95d, type: 3}
      propertyPath: m_StaticEditorFlags
      value: 0
      objectReference: {fileID: 0}
    - target: {fileID: 1782291957, guid: 10e512887d27640d185f4ec936afa95d, type: 3}
      propertyPath: m_StaticEditorFlags
      value: 0
      objectReference: {fileID: 0}
    - target: {fileID: 2050644509, guid: 10e512887d27640d185f4ec936afa95d, type: 3}
      propertyPath: m_StaticEditorFlags
      value: 0
      objectReference: {fileID: 0}
    - target: {fileID: 3779247121194797734, guid: 10e512887d27640d185f4ec936afa95d,
        type: 3}
      propertyPath: m_StaticEditorFlags
      value: 0
      objectReference: {fileID: 0}
    - target: {fileID: 8736569132456422926, guid: 10e512887d27640d185f4ec936afa95d,
        type: 3}
      propertyPath: m_StaticEditorFlags
      value: 0
      objectReference: {fileID: 0}
    - target: {fileID: 5280765831333551018, guid: 10e512887d27640d185f4ec936afa95d,
        type: 3}
      propertyPath: m_StaticEditorFlags
      value: 0
      objectReference: {fileID: 0}
    - target: {fileID: 4738342647923453247, guid: 10e512887d27640d185f4ec936afa95d,
        type: 3}
      propertyPath: m_StaticEditorFlags
      value: 0
      objectReference: {fileID: 0}
    - target: {fileID: 7447886928515714179, guid: 10e512887d27640d185f4ec936afa95d,
        type: 3}
      propertyPath: m_StaticEditorFlags
      value: 0
      objectReference: {fileID: 0}
    - target: {fileID: 8088814305494311270, guid: 10e512887d27640d185f4ec936afa95d,
        type: 3}
      propertyPath: m_StaticEditorFlags
      value: 0
      objectReference: {fileID: 0}
    - target: {fileID: 4071291977977150479, guid: 10e512887d27640d185f4ec936afa95d,
        type: 3}
      propertyPath: m_StaticEditorFlags
      value: 0
      objectReference: {fileID: 0}
    - target: {fileID: 5061869434171746799, guid: 10e512887d27640d185f4ec936afa95d,
        type: 3}
      propertyPath: m_StaticEditorFlags
      value: 0
      objectReference: {fileID: 0}
    - target: {fileID: 7191508605784842357, guid: 10e512887d27640d185f4ec936afa95d,
        type: 3}
      propertyPath: m_StaticEditorFlags
      value: 0
      objectReference: {fileID: 0}
    - target: {fileID: 2370696220718107006, guid: 10e512887d27640d185f4ec936afa95d,
        type: 3}
      propertyPath: m_StaticEditorFlags
      value: 0
      objectReference: {fileID: 0}
    - target: {fileID: 3404861821482686567, guid: 10e512887d27640d185f4ec936afa95d,
        type: 3}
      propertyPath: m_StaticEditorFlags
      value: 0
      objectReference: {fileID: 0}
    - target: {fileID: 4563452842365150476, guid: 10e512887d27640d185f4ec936afa95d,
        type: 3}
      propertyPath: m_StaticEditorFlags
      value: 0
      objectReference: {fileID: 0}
    - target: {fileID: 7780474848725855681, guid: 10e512887d27640d185f4ec936afa95d,
        type: 3}
      propertyPath: m_Priority
      value: 10
      objectReference: {fileID: 0}
    - target: {fileID: 7780474848725855681, guid: 10e512887d27640d185f4ec936afa95d,
        type: 3}
      propertyPath: m_XAxis.m_MaxSpeed
      value: 300
      objectReference: {fileID: 0}
    - target: {fileID: 7780474848725855681, guid: 10e512887d27640d185f4ec936afa95d,
        type: 3}
      propertyPath: m_YAxis.m_MaxSpeed
      value: 4
      objectReference: {fileID: 0}
    - target: {fileID: 7780474848725855681, guid: 10e512887d27640d185f4ec936afa95d,
        type: 3}
      propertyPath: m_LookAt
      value: 
      objectReference: {fileID: 2815806630270455414}
    - target: {fileID: 2936918939910861275, guid: 10e512887d27640d185f4ec936afa95d,
        type: 3}
      propertyPath: cameraLayerMask.m_Bits
      value: 133120
      objectReference: {fileID: 0}
    - target: {fileID: 2936918939910861275, guid: 10e512887d27640d185f4ec936afa95d,
        type: 3}
      propertyPath: highestRaycastHitPosition
      value: 337.76773
      objectReference: {fileID: 0}
    - target: {fileID: 2936918939910861275, guid: 10e512887d27640d185f4ec936afa95d,
        type: 3}
      propertyPath: raycastColliderName.Array.data[0]
      value: Terrain_(-3000.0, 0.0, 1000.0)
      objectReference: {fileID: 0}
    - target: {fileID: 2936918939910861275, guid: 10e512887d27640d185f4ec936afa95d,
        type: 3}
      propertyPath: raycastColliderHeight.Array.data[0]
      value: 319.8748
      objectReference: {fileID: 0}
    - target: {fileID: 2936918939910861275, guid: 10e512887d27640d185f4ec936afa95d,
        type: 3}
      propertyPath: raycastColliderName.Array.data[1]
      value: Camera Blocker
      objectReference: {fileID: 0}
    - target: {fileID: 2936918939910861275, guid: 10e512887d27640d185f4ec936afa95d,
        type: 3}
      propertyPath: raycastColliderHeight.Array.data[1]
      value: 337.7677
      objectReference: {fileID: 0}
    - target: {fileID: 2936918939910861275, guid: 10e512887d27640d185f4ec936afa95d,
        type: 3}
      propertyPath: raycastColliderName.Array.data[2]
      value: Camera Blocker
      objectReference: {fileID: 0}
    - target: {fileID: 2936918939910861275, guid: 10e512887d27640d185f4ec936afa95d,
        type: 3}
      propertyPath: raycastColliderName.Array.data[3]
      value: Camera Blocker
      objectReference: {fileID: 0}
    - target: {fileID: 2936918939910861275, guid: 10e512887d27640d185f4ec936afa95d,
        type: 3}
      propertyPath: raycastColliderHeight.Array.data[2]
      value: 300.8874
      objectReference: {fileID: 0}
    - target: {fileID: 2936918939910861275, guid: 10e512887d27640d185f4ec936afa95d,
        type: 3}
      propertyPath: raycastColliderHeight.Array.data[3]
      value: 300.824
      objectReference: {fileID: 0}
    - target: {fileID: 14713761522973283, guid: 10e512887d27640d185f4ec936afa95d,
        type: 3}
      propertyPath: m_StaticEditorFlags
      value: 0
      objectReference: {fileID: 0}
    - target: {fileID: 1989418670759937359, guid: 10e512887d27640d185f4ec936afa95d,
        type: 3}
      propertyPath: EmissionModule.m_Bursts.Array.data[0].countCurve.scalar
      value: 100
      objectReference: {fileID: 0}
    - target: {fileID: 1989418670759937359, guid: 10e512887d27640d185f4ec936afa95d,
        type: 3}
      propertyPath: ColorModule.enabled
      value: 1
      objectReference: {fileID: 0}
    - target: {fileID: 1989418670759937359, guid: 10e512887d27640d185f4ec936afa95d,
        type: 3}
      propertyPath: InitialModule.startColor.maxColor.b
      value: 1
      objectReference: {fileID: 0}
    - target: {fileID: 1989418670759937359, guid: 10e512887d27640d185f4ec936afa95d,
        type: 3}
      propertyPath: InitialModule.startColor.maxColor.g
      value: 1
      objectReference: {fileID: 0}
    - target: {fileID: 1989418670759937359, guid: 10e512887d27640d185f4ec936afa95d,
        type: 3}
      propertyPath: InitialModule.startColor.maxColor.r
      value: 1
      objectReference: {fileID: 0}
    - target: {fileID: 1989418670759937359, guid: 10e512887d27640d185f4ec936afa95d,
        type: 3}
      propertyPath: RotationBySpeedModule.enabled
      value: 1
      objectReference: {fileID: 0}
    - target: {fileID: 1989418670759937359, guid: 10e512887d27640d185f4ec936afa95d,
        type: 3}
      propertyPath: RotationBySpeedModule.separateAxes
      value: 0
      objectReference: {fileID: 0}
    - target: {fileID: 1989418670759937359, guid: 10e512887d27640d185f4ec936afa95d,
        type: 3}
      propertyPath: RotationBySpeedModule.curve.scalar
      value: 1.0573205
      objectReference: {fileID: 0}
    - target: {fileID: 1989418670759937359, guid: 10e512887d27640d185f4ec936afa95d,
        type: 3}
      propertyPath: ShapeModule.radius.value
      value: 1
      objectReference: {fileID: 0}
    - target: {fileID: 1989418670759937359, guid: 10e512887d27640d185f4ec936afa95d,
        type: 3}
      propertyPath: ShapeModule.arc.mode
      value: 0
      objectReference: {fileID: 0}
    - target: {fileID: 1989418670759937359, guid: 10e512887d27640d185f4ec936afa95d,
        type: 3}
      propertyPath: RotationModule.enabled
      value: 0
      objectReference: {fileID: 0}
    - target: {fileID: 1989418670759937359, guid: 10e512887d27640d185f4ec936afa95d,
        type: 3}
      propertyPath: RotationModule.separateAxes
      value: 0
      objectReference: {fileID: 0}
    - target: {fileID: 1989418670759937359, guid: 10e512887d27640d185f4ec936afa95d,
        type: 3}
      propertyPath: RotationModule.x.scalar
      value: 0.015184364
      objectReference: {fileID: 0}
    - target: {fileID: 1989418670759937359, guid: 10e512887d27640d185f4ec936afa95d,
        type: 3}
      propertyPath: NoiseModule.enabled
      value: 1
      objectReference: {fileID: 0}
    - target: {fileID: 1989418670759937359, guid: 10e512887d27640d185f4ec936afa95d,
        type: 3}
      propertyPath: NoiseModule.separateAxes
      value: 1
      objectReference: {fileID: 0}
    - target: {fileID: 1989418670759937359, guid: 10e512887d27640d185f4ec936afa95d,
        type: 3}
      propertyPath: NoiseModule.frequency
      value: 0.31
      objectReference: {fileID: 0}
    - target: {fileID: 1989418670759937359, guid: 10e512887d27640d185f4ec936afa95d,
        type: 3}
      propertyPath: NoiseModule.octaves
      value: 1
      objectReference: {fileID: 0}
    - target: {fileID: 1989418670759937359, guid: 10e512887d27640d185f4ec936afa95d,
        type: 3}
      propertyPath: NoiseModule.scrollSpeed.scalar
      value: 1.15
      objectReference: {fileID: 0}
    - target: {fileID: 1989418670759937359, guid: 10e512887d27640d185f4ec936afa95d,
        type: 3}
      propertyPath: TrailModule.enabled
      value: 0
      objectReference: {fileID: 0}
    - target: {fileID: 1989418670759937359, guid: 10e512887d27640d185f4ec936afa95d,
        type: 3}
      propertyPath: ForceModule.randomizePerFrame
      value: 0
      objectReference: {fileID: 0}
    - target: {fileID: 1989418670759937359, guid: 10e512887d27640d185f4ec936afa95d,
        type: 3}
      propertyPath: InheritVelocityModule.enabled
      value: 0
      objectReference: {fileID: 0}
    - target: {fileID: 1989418670759937359, guid: 10e512887d27640d185f4ec936afa95d,
        type: 3}
      propertyPath: ShapeModule.m_Rotation.x
      value: 0
      objectReference: {fileID: 0}
    - target: {fileID: 1989418670759937359, guid: 10e512887d27640d185f4ec936afa95d,
        type: 3}
      propertyPath: ShapeModule.alignToDirection
      value: 0
      objectReference: {fileID: 0}
    - target: {fileID: 1989418670759937359, guid: 10e512887d27640d185f4ec936afa95d,
        type: 3}
      propertyPath: ShapeModule.randomDirectionAmount
      value: 0.15
      objectReference: {fileID: 0}
    - target: {fileID: 1989418670759937359, guid: 10e512887d27640d185f4ec936afa95d,
        type: 3}
      propertyPath: RotationModule.y.scalar
      value: -0.2617994
      objectReference: {fileID: 0}
    - target: {fileID: 1989418670759937359, guid: 10e512887d27640d185f4ec936afa95d,
        type: 3}
      propertyPath: InitialModule.randomizeRotationDirection
      value: 0.58
      objectReference: {fileID: 0}
    - target: {fileID: 1989418670759937359, guid: 10e512887d27640d185f4ec936afa95d,
        type: 3}
      propertyPath: InitialModule.startRotation.scalar
      value: 0.12304571
      objectReference: {fileID: 0}
    - target: {fileID: 1989418670759937359, guid: 10e512887d27640d185f4ec936afa95d,
        type: 3}
      propertyPath: InitialModule.startSize.scalar
      value: 2.96
      objectReference: {fileID: 0}
    - target: {fileID: 1989418670759937359, guid: 10e512887d27640d185f4ec936afa95d,
        type: 3}
      propertyPath: ForceModule.y.scalar
      value: 25.74
      objectReference: {fileID: 0}
    - target: {fileID: 615478236010566074, guid: 10e512887d27640d185f4ec936afa95d,
        type: 3}
      propertyPath: m_Materials.Array.data[0]
      value: 
      objectReference: {fileID: 2100000, guid: 5a3607e3d3f7d443c9de44988b59fbe4, type: 2}
    - target: {fileID: 2360726673870768127, guid: 10e512887d27640d185f4ec936afa95d,
        type: 3}
      propertyPath: m_StaticEditorFlags
      value: 0
      objectReference: {fileID: 0}
    - target: {fileID: 7624187732341875303, guid: 10e512887d27640d185f4ec936afa95d,
        type: 3}
      propertyPath: EmissionModule.m_Bursts.Array.data[0].countCurve.scalar
      value: 1
      objectReference: {fileID: 0}
    - target: {fileID: 7624187732341875303, guid: 10e512887d27640d185f4ec936afa95d,
        type: 3}
      propertyPath: SizeModule.curve.maxCurve.m_Curve.Array.data[0].value
      value: 0.9065219
      objectReference: {fileID: 0}
    - target: {fileID: 7624187732341875303, guid: 10e512887d27640d185f4ec936afa95d,
        type: 3}
      propertyPath: SizeModule.curve.maxCurve.m_Curve.Array.data[1].value
      value: 0.09347804
      objectReference: {fileID: 0}
    - target: {fileID: 7624187732341875303, guid: 10e512887d27640d185f4ec936afa95d,
        type: 3}
      propertyPath: SizeModule.curve.maxCurve.m_Curve.Array.data[1].time
      value: 1
      objectReference: {fileID: 0}
    - target: {fileID: 7624187732341875303, guid: 10e512887d27640d185f4ec936afa95d,
        type: 3}
      propertyPath: SizeModule.curve.maxCurve.m_Curve.Array.data[0].inSlope
      value: -0.8984919
      objectReference: {fileID: 0}
    - target: {fileID: 7624187732341875303, guid: 10e512887d27640d185f4ec936afa95d,
        type: 3}
      propertyPath: SizeModule.curve.maxCurve.m_Curve.Array.data[0].outSlope
      value: -0.8984919
      objectReference: {fileID: 0}
    - target: {fileID: 7624187732341875303, guid: 10e512887d27640d185f4ec936afa95d,
        type: 3}
      propertyPath: SizeModule.curve.maxCurve.m_Curve.Array.data[0].outWeight
      value: 0.56122446
      objectReference: {fileID: 0}
    - target: {fileID: 7624187732341875303, guid: 10e512887d27640d185f4ec936afa95d,
        type: 3}
      propertyPath: SizeModule.curve.maxCurve.m_Curve.Array.data[0].weightedMode
      value: 3
      objectReference: {fileID: 0}
    - target: {fileID: 7624187732341875303, guid: 10e512887d27640d185f4ec936afa95d,
        type: 3}
      propertyPath: SizeModule.curve.maxCurve.m_Curve.Array.data[1].inSlope
      value: -0.010205949
      objectReference: {fileID: 0}
    - target: {fileID: 7624187732341875303, guid: 10e512887d27640d185f4ec936afa95d,
        type: 3}
      propertyPath: SizeModule.curve.maxCurve.m_Curve.Array.data[1].outSlope
      value: -0.010205949
      objectReference: {fileID: 0}
    - target: {fileID: 7624187732341875303, guid: 10e512887d27640d185f4ec936afa95d,
        type: 3}
      propertyPath: SizeModule.curve.maxCurve.m_Curve.Array.data[1].inWeight
      value: 0.8333333
      objectReference: {fileID: 0}
    - target: {fileID: 7624187732341875303, guid: 10e512887d27640d185f4ec936afa95d,
        type: 3}
      propertyPath: SizeModule.curve.maxCurve.m_Curve.Array.data[1].weightedMode
      value: 3
      objectReference: {fileID: 0}
    - target: {fileID: 7624187732341875303, guid: 10e512887d27640d185f4ec936afa95d,
        type: 3}
      propertyPath: VelocityModule.enabled
      value: 0
      objectReference: {fileID: 0}
    - target: {fileID: 7624187732341875303, guid: 10e512887d27640d185f4ec936afa95d,
        type: 3}
      propertyPath: VelocityModule.x.scalar
      value: 3.6
      objectReference: {fileID: 0}
    - target: {fileID: 7624187732341875303, guid: 10e512887d27640d185f4ec936afa95d,
        type: 3}
      propertyPath: SizeBySpeedModule.enabled
      value: 0
      objectReference: {fileID: 0}
    - target: {fileID: 7624187732341875303, guid: 10e512887d27640d185f4ec936afa95d,
        type: 3}
      propertyPath: SizeModule.enabled
      value: 1
      objectReference: {fileID: 0}
    - target: {fileID: 7624187732341875303, guid: 10e512887d27640d185f4ec936afa95d,
        type: 3}
      propertyPath: SizeModule.curve.scalar
      value: 3
      objectReference: {fileID: 0}
    - target: {fileID: 7624187732341875303, guid: 10e512887d27640d185f4ec936afa95d,
        type: 3}
      propertyPath: ShapeModule.radius.value
      value: 0.64
      objectReference: {fileID: 0}
    - target: {fileID: 7624187732341875303, guid: 10e512887d27640d185f4ec936afa95d,
        type: 3}
      propertyPath: ColorModule.gradient.maxGradient.key1.a
      value: 0.14509805
      objectReference: {fileID: 0}
    - target: {fileID: 7624187732341875303, guid: 10e512887d27640d185f4ec936afa95d,
        type: 3}
      propertyPath: InitialModule.maxNumParticles
      value: 1000
      objectReference: {fileID: 0}
    - target: {fileID: 7624187732341875303, guid: 10e512887d27640d185f4ec936afa95d,
        type: 3}
      propertyPath: InitialModule.startSize.scalar
      value: 0.86
      objectReference: {fileID: 0}
    - target: {fileID: 7624187732341875303, guid: 10e512887d27640d185f4ec936afa95d,
        type: 3}
      propertyPath: EmissionModule.rateOverDistance.scalar
      value: 10
      objectReference: {fileID: 0}
    - target: {fileID: 7624187732341875303, guid: 10e512887d27640d185f4ec936afa95d,
        type: 3}
      propertyPath: playOnAwake
      value: 1
      objectReference: {fileID: 0}
    - target: {fileID: 7624187732341875303, guid: 10e512887d27640d185f4ec936afa95d,
        type: 3}
      propertyPath: NoiseModule.enabled
      value: 1
      objectReference: {fileID: 0}
    - target: {fileID: 7624187732341875303, guid: 10e512887d27640d185f4ec936afa95d,
        type: 3}
      propertyPath: InitialModule.startColor.maxColor.a
      value: 0
      objectReference: {fileID: 0}
    - target: {fileID: 7624187732341875303, guid: 10e512887d27640d185f4ec936afa95d,
        type: 3}
      propertyPath: ShapeModule.type
      value: 5
      objectReference: {fileID: 0}
    - target: {fileID: 7624187732341875303, guid: 10e512887d27640d185f4ec936afa95d,
        type: 3}
      propertyPath: ShapeModule.m_Position.y
      value: 0.16
      objectReference: {fileID: 0}
    - target: {fileID: 7624187732341875303, guid: 10e512887d27640d185f4ec936afa95d,
        type: 3}
      propertyPath: ShapeModule.m_Scale.y
      value: -0.65
      objectReference: {fileID: 0}
    - target: {fileID: 7624187732341875303, guid: 10e512887d27640d185f4ec936afa95d,
        type: 3}
      propertyPath: ShapeModule.m_Scale.z
      value: 0.15
      objectReference: {fileID: 0}
    - target: {fileID: 7624187732341875303, guid: 10e512887d27640d185f4ec936afa95d,
        type: 3}
      propertyPath: ShapeModule.m_Position.x
      value: 0.09
      objectReference: {fileID: 0}
    - target: {fileID: 7624187732341875303, guid: 10e512887d27640d185f4ec936afa95d,
        type: 3}
      propertyPath: ShapeModule.radiusThickness
      value: 1
      objectReference: {fileID: 0}
    - target: {fileID: 7624187732341875303, guid: 10e512887d27640d185f4ec936afa95d,
        type: 3}
      propertyPath: SizeModule.separateAxes
      value: 0
      objectReference: {fileID: 0}
    - target: {fileID: 7624187732341875303, guid: 10e512887d27640d185f4ec936afa95d,
        type: 3}
      propertyPath: ColorModule.gradient.maxGradient.atime1
      value: 3662
      objectReference: {fileID: 0}
    - target: {fileID: 7624187732341875303, guid: 10e512887d27640d185f4ec936afa95d,
        type: 3}
      propertyPath: ColorModule.gradient.maxGradient.atime2
      value: 65535
      objectReference: {fileID: 0}
    - target: {fileID: 7624187732341875303, guid: 10e512887d27640d185f4ec936afa95d,
        type: 3}
      propertyPath: ClampVelocityModule.dampen
      value: 0
      objectReference: {fileID: 0}
    - target: {fileID: 7624187732341875303, guid: 10e512887d27640d185f4ec936afa95d,
        type: 3}
      propertyPath: ClampVelocityModule.drag.scalar
      value: 0.21
      objectReference: {fileID: 0}
    - target: {fileID: 7624187732341875303, guid: 10e512887d27640d185f4ec936afa95d,
        type: 3}
      propertyPath: ColorModule.gradient.maxGradient.key2.r
      value: 1
      objectReference: {fileID: 0}
    - target: {fileID: 7624187732341875303, guid: 10e512887d27640d185f4ec936afa95d,
        type: 3}
      propertyPath: ColorModule.gradient.maxGradient.key2.g
      value: 1
      objectReference: {fileID: 0}
    - target: {fileID: 7624187732341875303, guid: 10e512887d27640d185f4ec936afa95d,
        type: 3}
      propertyPath: ColorModule.gradient.maxGradient.key2.b
      value: 1
      objectReference: {fileID: 0}
    - target: {fileID: 7624187732341875303, guid: 10e512887d27640d185f4ec936afa95d,
        type: 3}
      propertyPath: ColorModule.gradient.maxGradient.ctime1
      value: 65535
      objectReference: {fileID: 0}
    - target: {fileID: 7624187732341875303, guid: 10e512887d27640d185f4ec936afa95d,
        type: 3}
      propertyPath: ColorModule.gradient.maxGradient.ctime2
      value: 65535
      objectReference: {fileID: 0}
    - target: {fileID: 7624187732341875303, guid: 10e512887d27640d185f4ec936afa95d,
        type: 3}
      propertyPath: ColorModule.gradient.maxGradient.m_NumColorKeys
      value: 2
      objectReference: {fileID: 0}
    - target: {fileID: 4692855168872735352, guid: 10e512887d27640d185f4ec936afa95d,
        type: 3}
      propertyPath: m_RenderMode
      value: 0
      objectReference: {fileID: 0}
    - target: {fileID: 4692855168872735352, guid: 10e512887d27640d185f4ec936afa95d,
        type: 3}
      propertyPath: m_Materials.Array.data[0]
      value: 
      objectReference: {fileID: 2100000, guid: eae530a12b13841b388ff0cbd83ed9c0, type: 2}
    - target: {fileID: 4164386091165673166, guid: 10e512887d27640d185f4ec936afa95d,
        type: 3}
      propertyPath: InitialModule.startSpeed.scalar
      value: 1.98
      objectReference: {fileID: 0}
    - target: {fileID: 4164386091165673166, guid: 10e512887d27640d185f4ec936afa95d,
        type: 3}
      propertyPath: InitialModule.startColor.maxColor.a
      value: 1
      objectReference: {fileID: 0}
    - target: {fileID: 4164386091165673166, guid: 10e512887d27640d185f4ec936afa95d,
        type: 3}
      propertyPath: InitialModule.startSize.scalar
      value: 0.17
      objectReference: {fileID: 0}
    - target: {fileID: 4164386091165673166, guid: 10e512887d27640d185f4ec936afa95d,
        type: 3}
      propertyPath: InitialModule.startRotation.scalar
      value: 0.036302846
      objectReference: {fileID: 0}
    - target: {fileID: 4164386091165673166, guid: 10e512887d27640d185f4ec936afa95d,
        type: 3}
      propertyPath: RotationModule.enabled
      value: 1
      objectReference: {fileID: 0}
    - target: {fileID: 4164386091165673166, guid: 10e512887d27640d185f4ec936afa95d,
        type: 3}
      propertyPath: ColorModule.gradient.maxGradient.atime1
      value: 3084
      objectReference: {fileID: 0}
    - target: {fileID: 4164386091165673166, guid: 10e512887d27640d185f4ec936afa95d,
        type: 3}
      propertyPath: ColorModule.gradient.maxGradient.atime2
      value: 42405
      objectReference: {fileID: 0}
    - target: {fileID: 4164386091165673166, guid: 10e512887d27640d185f4ec936afa95d,
        type: 3}
      propertyPath: ForceModule.y.scalar
      value: 0
      objectReference: {fileID: 0}
    - target: {fileID: 4164386091165673166, guid: 10e512887d27640d185f4ec936afa95d,
        type: 3}
      propertyPath: ForceModule.y.minScalar
      value: 2
      objectReference: {fileID: 0}
    - target: {fileID: 4164386091165673166, guid: 10e512887d27640d185f4ec936afa95d,
        type: 3}
      propertyPath: ForceModule.inWorldSpace
      value: 0
      objectReference: {fileID: 0}
    - target: {fileID: 4164386091165673166, guid: 10e512887d27640d185f4ec936afa95d,
        type: 3}
      propertyPath: ForceModule.randomizePerFrame
      value: 1
      objectReference: {fileID: 0}
    - target: {fileID: 4164386091165673166, guid: 10e512887d27640d185f4ec936afa95d,
        type: 3}
      propertyPath: ClampVelocityModule.dampen
      value: 0.03
      objectReference: {fileID: 0}
    - target: {fileID: 4164386091165673166, guid: 10e512887d27640d185f4ec936afa95d,
        type: 3}
      propertyPath: ClampVelocityModule.drag.scalar
      value: 0.75
      objectReference: {fileID: 0}
    - target: {fileID: 4164386091165673166, guid: 10e512887d27640d185f4ec936afa95d,
        type: 3}
      propertyPath: NoiseModule.enabled
      value: 1
      objectReference: {fileID: 0}
    - target: {fileID: 4164386091165673166, guid: 10e512887d27640d185f4ec936afa95d,
        type: 3}
      propertyPath: NoiseModule.frequency
      value: 0.16
      objectReference: {fileID: 0}
    - target: {fileID: 4164386091165673166, guid: 10e512887d27640d185f4ec936afa95d,
        type: 3}
      propertyPath: NoiseModule.octaves
      value: 3
      objectReference: {fileID: 0}
    - target: {fileID: 4164386091165673166, guid: 10e512887d27640d185f4ec936afa95d,
        type: 3}
      propertyPath: NoiseModule.scrollSpeed.scalar
      value: 0.72
      objectReference: {fileID: 0}
    - target: {fileID: 4164386091165673166, guid: 10e512887d27640d185f4ec936afa95d,
        type: 3}
      propertyPath: EmissionModule.rateOverDistance.scalar
      value: 1
      objectReference: {fileID: 0}
    - target: {fileID: 392660820323398557, guid: 10e512887d27640d185f4ec936afa95d,
        type: 3}
      propertyPath: m_Materials.Array.data[0]
      value: 
      objectReference: {fileID: 2100000, guid: 4d333a2b2c743414a8896d935073c913, type: 2}
    - target: {fileID: 2427589387655943203, guid: 10e512887d27640d185f4ec936afa95d,
        type: 3}
      propertyPath: m_StaticEditorFlags
      value: 0
      objectReference: {fileID: 0}
    - target: {fileID: 6956337629343517291, guid: 10e512887d27640d185f4ec936afa95d,
        type: 3}
      propertyPath: m_StaticEditorFlags
      value: 0
      objectReference: {fileID: 0}
    - target: {fileID: 598586750088843555, guid: 10e512887d27640d185f4ec936afa95d,
        type: 3}
      propertyPath: xAmount
      value: 150
      objectReference: {fileID: 0}
    - target: {fileID: 598586750088843555, guid: 10e512887d27640d185f4ec936afa95d,
        type: 3}
      propertyPath: yAmount
      value: -150
      objectReference: {fileID: 0}
    - target: {fileID: 325614676104108034, guid: 10e512887d27640d185f4ec936afa95d,
        type: 3}
      propertyPath: m_ZDamping
      value: 1.5
      objectReference: {fileID: 0}
    - target: {fileID: 325614676104108034, guid: 10e512887d27640d185f4ec936afa95d,
        type: 3}
      propertyPath: m_XAxis.m_MaxSpeed
      value: 300
      objectReference: {fileID: 0}
    - target: {fileID: 325155008748820969, guid: 10e512887d27640d185f4ec936afa95d,
        type: 3}
      propertyPath: m_VerticalDamping
      value: 12.24
      objectReference: {fileID: 0}
    - target: {fileID: 325155008748820969, guid: 10e512887d27640d185f4ec936afa95d,
        type: 3}
      propertyPath: m_HorizontalDamping
      value: 1
      objectReference: {fileID: 0}
    - target: {fileID: 7950166877988857628, guid: 10e512887d27640d185f4ec936afa95d,
        type: 3}
      propertyPath: m_ZDamping
      value: 1.5
      objectReference: {fileID: 0}
    - target: {fileID: 7950166877988857628, guid: 10e512887d27640d185f4ec936afa95d,
        type: 3}
      propertyPath: m_XAxis.m_MaxSpeed
      value: 300
      objectReference: {fileID: 0}
    - target: {fileID: 613696373595222788, guid: 10e512887d27640d185f4ec936afa95d,
        type: 3}
      propertyPath: m_VerticalDamping
      value: 8.83
      objectReference: {fileID: 0}
    - target: {fileID: 613696373595222788, guid: 10e512887d27640d185f4ec936afa95d,
        type: 3}
      propertyPath: m_HorizontalDamping
      value: 1
      objectReference: {fileID: 0}
    - target: {fileID: 438633486555528362, guid: 10e512887d27640d185f4ec936afa95d,
        type: 3}
      propertyPath: m_ZDamping
      value: 1.5
      objectReference: {fileID: 0}
    - target: {fileID: 438633486555528362, guid: 10e512887d27640d185f4ec936afa95d,
        type: 3}
      propertyPath: m_YDamping
      value: 1
      objectReference: {fileID: 0}
    - target: {fileID: 438633486555528362, guid: 10e512887d27640d185f4ec936afa95d,
        type: 3}
      propertyPath: m_XAxis.m_MaxSpeed
      value: 300
      objectReference: {fileID: 0}
    - target: {fileID: 1702634453040640664, guid: 10e512887d27640d185f4ec936afa95d,
        type: 3}
      propertyPath: m_HorizontalDamping
      value: 1
      objectReference: {fileID: 0}
    m_RemovedComponents: []
  m_SourcePrefab: {fileID: 100100000, guid: 10e512887d27640d185f4ec936afa95d, type: 3}
--- !u!4 &2815806630270455414 stripped
Transform:
  m_CorrespondingSourceObject: {fileID: 5925300091989449834, guid: 10e512887d27640d185f4ec936afa95d,
    type: 3}
  m_PrefabInstance: {fileID: 8442318818275693084}
  m_PrefabAsset: {fileID: 0}
--- !u!4 &8596718587114823078 stripped
Transform:
  m_CorrespondingSourceObject: {fileID: 172414682778374074, guid: 10e512887d27640d185f4ec936afa95d,
    type: 3}
  m_PrefabInstance: {fileID: 8442318818275693084}
  m_PrefabAsset: {fileID: 0}
